1866 3186
453 287 680 320 WALTRRI
714 288 776 318 DE
805 288 1165 320 HEMINGBURGH
1173 311 1183 321 .
1363 280 1451 322 239

183 394 291 436 fecit
329 406 379 434 se
418 405 617 443 servum,
658 397 705 434 et
743 392 800 434 de
842 393 1106 435 dominante
1145 394 1447 446 servientem;
1477 439 1502 464 Δ
1522 402 1639 464 52⁶¹&

182 465 442 513 terramque
467 458 768 512 Anglicanam
791 472 895 513 quae
916 472 1017 501 esse
1039 460 1218 501 solebat
1236 459 1379 502 libera
1402 465 1450 502 et
1505 457 1514 464 ⁰
1551 457 1558 464 '
1642 456 1649 463 ”

1467 499 1542 525 John
1556 505 1660 525 swears

184 527 242 567 ab
268 526 390 567 omni
419 526 640 567 servitute
671 526 828 578 quieta
851 525 959 567 fecit
982 526 1270 568 tributariam
1294 531 1341 568 et
1366 539 1448 568 an·
1466 533 1552 598 {33²3
1564 535 1600 591 ξιξ,
1602 533 1651 590 310

183 591 336 633 cillam
361 591 698 645 pedissequam,
729 591 1151 646 subjectionemque
1179 605 1310 633 suam
1340 605 1448 635 con·
1468 599 1634 624 mmmm*

1467 632 1513 657 his
1520 632 1667 664 kingdom,

184 658 383 700 firmavit
403 671 486 711 per
504 657 726 711 scriptum
746 670 880 699 suum
900 658 946 699 in
972 658 1071 699 haec
1090 659 1232 701 verba
1254 670 1448 712 concep·
1467 665 1654 729 gxqgfday.

184 729 296 766 tum.

347 870 495 913 Litora
516 869 784 926 Subsectionis
806 884 898 912 oum
917 869 1146 913 Fidelitate
1156 872 1296 927 facta.

251 987 282 1028 J
286 986 488 1028 ohannes
525 986 613 1027 Dei
652 986 804 1039 gratia
845 998 928 1026 rex
976 984 1177 1039 Angliae‚
1213 990 1226 1009 ‘
1241 987 1452 1029 dominus
1470 1014 1646 1040 mmmm,

189 1052 441 1102 Hibemiae,
463 1051 559 1093 dux
586 1051 884 1093 Normanniae
917 1056 964 1093 et
989 1051 1270 1105 Aquitaniae,
1301 1066 1452 1095 comes
1469 1048 1630 1107 33⁰3me-

188 1117 490 1171 Andegaviae‚
520 1117 730 1159 omnibus
753 1116 923 1158 Christi
946 1117 1158 1159 fidelibus
1180 1123 1452 1172 praesentem

189 1184 406 1237 paginam
429 1183 717 1237 inspecturis,
738 1182 943 1224 Salutem
963 1183 1011 1224 in
1034 1183 1270 1226 domino.'²
1342 1185 1453 1227 Uni-

187 1251 399 1291 versitati
438 1255 605 1290 vestrae
647 1262 730 1303 per
768 1248 887 1306 hanc
926 1253 1102 1291 cartam
1146 1263 1286 1292 aurea
1326 1251 1453 1293 bulla

189 1321 346 1357 nostra
375 1315 614 1364 munitam,
642 1315 856 1356 volumus
886 1328 988 1356 esse
1017 1320 1175 1357 notum
1203 1317 1326 1370 quod
1348 1330 1452 1358 cum

192 1381 340 1422 Deum
380 1386 427 1422 et
467 1386 660 1422 matrem
710 1386 912 1422 nostram
963 1386 1171 1423 sanctam
1212 1383 1452 1424 ecclesiam

190 1447 510 1488 offenderimus
530 1447 577 1487 in
598 1446 770 1496 multis,
801 1451 847 1488 et
873 1447 1062 1500 proinde
1092 1447 1248 1489 divina
1278 1449 1452 1490 miseri—

189 1513 345 1554 cordia
374 1512 579 1566 indigere
607 1525 866 1562 noscamur‚
900 1525 985 1554 nec
1019 1514 1128 1567 quid
1160 1514 1280 1567 quod
1317 1515 1454 1568 digne

190 1578 363 1620 offerre·
381 1578 608 1631 possimus
637 1591 721 1631 pro
751 1578 1064 1621 satisfactione
1093 1580 1249 1622 debita
1278 1581 1380 1622 Deo
1404 1587 1452 1623 et

191 1644 395 1686 ecclesiae
439 1643 666 1693 facienda,
699 1644 787 1685 nisi
827 1657 909 1685 nos
950 1645 1076 1697 ipsos
1116 1645 1366 1687 habeamus
1404 1652 1451 1688 et

191 1723 334 1763 regna
366 1715 552 1758 nostra;
602 1709 901 1762 volentesque
936 1722 1020 1751 nos
1050 1711 1175 1763 ipsos
1211 1711 1452 1754 humiliare

192 1789 275 1830 pro
315 1776 395 1818 illo
441 1776 521 1830 qui
554 1788 604 1816 se
638 1787 721 1829 pro
759 1775 891 1816 nobis
926 1775 1184 1818 humiliavit
1212 1789 1360 1831 usque
1393 1778 1452 1819 ad

192 1847 399 1892 mortem,
419 1841 571 1895 gratia
591 1841 748 1883 Sancti
777 1840 976 1895 Spiritus
1003 1842 1272 1895 inspirante,
1294 1856 1385 1885 non
1407 1844 1453 1885 vi

191 1907 380 1957 inducti,
413 1920 496 1949 nec
535 1907 698 1949 timore
728 1907 903 1955 coacti;
952 1907 1033 1948 sed
1065 1913 1223 1950 nostra
1253 1910 1376 1951 bona
1408 1914 1455 1951 et

191 1980 448 2028 spontanea
475 1973 713 2015 voluntate
746 1985 800 2014 ac
832 1974 1061 2015 communi
1098 1974 1289 2016 consilio
1319 1976 1457 2018 baro-

192 2053 302 2081 num
334 2044 608 2089 nostmrum,
646 2039 876 2081 offerimus
909 2044 955 2080 et
986 2039 1126 2081 libere
1165 2041 1455 2082 concedimus

194 2104 294 2147 Deo
321 2110 367 2146 et
393 2106 565 2146 sanctis
595 2104 816 2158 apostolis
842 2104 943 2159 ejus
971 2105 1114 2147 Petro
1138 2111 1185 2147 et
1216 2106 1381 2158 Paulo,
1409 2112 1456 2148 et

193 2177 365 2212 sanctae
394 2170 618 2212 Romanae
648 2170 853 2211 ecclesiae
886 2160 1022 2211 niatri
1059 2176 1244 2221 nostrae,
1278 2185 1333 2214 ac
1371 2173 1453 2214 do-

194 2237 316 2278 mino
365 2240 521 2277 nostro
574 2248 707 2289 papae
759 2235 1027 2277 Innocentio
1073 2237 1224 2286 tertio,
1265 2238 1455 2292 ejusque

195 2302 433 2344 catholicis
467 2301 823 2350 successoribus,
866 2306 1015 2342 totum
1048 2314 1240 2354 regnum
1272 2302 1456 2356 Angliae

196 2373 242 2410 et
279 2373 426 2410 totum
463 2380 652 2420 regnum
694 2367 947 2417 Hiberniae,
969 2379 1073 2408 cum
1107 2367 1230 2409 omni
1261 2368 1367 2422 jure
1401 2381 1456 2409 ac

195 2433 496 2487 pertinentiis,
522 2446 606 2487 pro
636 2433 900 2474 remissione
932 2432 1133 2474 omnium
1165 2437 1457 2486 peccatorum

196 2504 456 2540 nostrorum
477 2505 523 2539 et
544 2498 685 2540 totius
713 2499 892 2552 generis
923 2498 1083 2548 nostri,
1111 2503 1207 2540 tam
1234 2512 1318 2553 pro
1338 2500 1457 2542 vivis

197 2577 335 2619 quam
368 2577 450 2617 pro
484 2563 726 2605 defunctis.
798 2563 859 2604 Et
886 2564 1050 2604 amodo
1079 2563 1158 2605 illa
1192 2577 1220 2605 a
1256 2565 1358 2606 Deo
1383 2565 1457 2606 vel

198 2631 255 2672 ab
299 2629 491 2671 ecclesia
531 2629 759 2678 Romana,
800 2634 1019 2682 tanquam
1059 2628 1305 2680 feodarius,
1344 2632 1456 2672 reci-

197 2697 373 2750 pientes
423 2700 469 2736 et
516 2698 740 2744 tenentes,
789 2695 836 2734 in
892 2695 1137 2748 praesentia
1186 2696 1459 2737 venerabilis

402 2792 409 2811 ¹
438 2793 591 2825 Inserted
609 2794 691 2824 from
709 2786 786 2825 MS.
803 2793 894 2826 Cott.
914 2794 1006 2846 Nero
1023 2793 1064 2827 C.
1082 2795 1118 2826 ii.
1135 2804 1166 2827 n.
1184 2797 1239 2827 47.
