1866 3186
499 261 726 293 WAL'rssm
759 262 821 292 DE
853 260 1229 292 Hssmmcnuncn.
1404 251 1491 294 267

229 379 332 407 nem
369 364 474 406 inde
510 365 668 407 fecerit
702 366 774 407 vel
811 371 1008 416 vastum,
1046 367 1275 408 amittat‘
1288 365 1491 420 ipsam'¹

230 431 500 482 custodiam,
521 436 567 473 et
587 432 796 477 tradatur
820 432 997 474 duobus
1015 432 1240 486 legalibus
1260 437 1306 474 et
1326 433 1492 474 discre-

1526 382 1626 413 nenry
1639 381 1696 406 ΠΙ.

1525 415 1696 440 A.D.1225.

230 497 288 538 tis
319 497 578 538 hominibus
609 497 666 539 de
700 498 834 540 feodo
867 498 964 548 illo,
1003 499 1083 551 qui
1114 498 1322 540 simfliter
1362 498 1493 540 nobis
1511 474 1625 533 &33⁸

230 563 552 617 respondeant,
573 563 692 605 sicut
714 564 984 618 praedictum
1004 570 1088 606 est.
1151 564 1318 606 Custos
1339 569 1493 606 autem

187 633 210 669 5
231 629 447 682 quamdiu
480 629 733 671 custodiam
773 635 907 672 terra>
941 630 1195 672 ‘habuerit’
1212 629 1229 652 ²
1266 635 1493 672 sustentet

230 695 403 745 domos,
445 699 458 717 ‘
474 694 668 749 parcos,’
686 694 701 717 ³
755 702 938 749 stagna,
984 695 1258 745 molendina,
1302 700 1349 737 et
1403 708 1491 737 cae-

231 766 332 802 tera
381 760 440 802 ad
490 766 658 802 terram
705 761 830 803 illam
882 761 1155 815 pertinentia
1195 762 1251 802 de
1292 761 1493 802 exitibus

233 832 365 868 terrae
386 827 604 881 eJusdem,
629 831 675 868 et
705 827 867 868 reddat
896 826 1066 869 haeredi
1086 839 1189 868 cum
1226 826 1285 868 ad
1311 826 1493 880 plenam

232 897 415 934 aetatem
444 893 701 946 pervenerit
730 897 900 934 terram
933 905 1063 934 suam
1095 897 1239 934 totam
1264 892 1492 934 instaura-

165 959 214 995 10
235 963 326 999 tam
370 958 426 999 de
466 959 642 1000 carucis
685 964 731 1000 et
771 957 1055 1000 ‘omnibus’4
1098 958 1200 1000 aliis
1240 959 1391 1007 rebus,
1434 958 1492 999 ad

232 1024 382 1065 minus
413 1024 689 1065 ‘secundum
729 1021 894 1078 quod’⁵
933 1024 1061 1066 illam
1100 1024 1284 1078 recepit.
1374 1023 1492 1065 Haec

233 1090 384 1131 omnia
396 1091 693 1132 observentur
706 1090 761 1132 de
769 1090 989 1132 custodiis
1004 1090 1493 1144 archiepiscopatuum,

233 1156 594 1210 episcopatuum,
627 1157 927 1206 abbatiarum,
957 1157 1257 1210 prioratuum,
1279 1155 1493 1198 ecclesia-

232 1235 347 1271 rum,
379 1228 425 1264 et
456 1222 730 1274 dignitatum
753 1223 1029 1272 vacantium,
1063 1235 1167 1276 quae
1195 1222 1252 1263 ad
1275 1234 1360 1263 nos
1389 1234 1493 1275 per·

166 1285 214 1322 15
233 1287 394 1337 tinent,
425 1292 619 1341 excepto
651 1288 772 1341 quod
810 1288 1071 1342 hujusmodi
1101 1288 1322 1329 custodiae
1360 1288 1493 1329 vendi

231 1365 321 1394 non
345 1353 524 1394 debent.
595 1353 819 1395 Haeredes
842 1355 1114 1395 maritentur
1136 1354 1310 1407 absque
1339 1353 1492 1407 dispa-

233 1419 485 1472 ragatione.
555 1418 711 1460 Vidua
731 1424 837 1473 post
855 1424 1048 1461 mortem
1066 1419 1221 1461 mariti
1241 1419 1314 1460 sui
1336 1419 1492 1461 statim

233 1489 280 1526 et
328 1485 424 1526 sine
474 1484 740 1527 difficultate
789 1485 944 1539 aliqua
990 1485 1158 1527 habeat
1199 1485 1492 1538 maritagium

234 1562 366 1591 suum
397 1556 444 1592 et
469 1550 778 1593 haereditatem
812 1564 959 1601 suam,
985 1565 1069 1593 nec
1094 1551 1269 1605 aliquid
1300 1551 1378 1593 det
1408 1564 1492 1605 pro

164 1623 215 1660 20
234 1615 341 1657 dote
357 1629 457 1666 sua,
480 1621 493 1638 ‘
510 1614 593 1658 vel’
607 1610 624 1638 ὃ
638 1629 721 1670 pro
737 1617 978 1670 maritagio
997 1629 1097 1667 suo,
1109 1618 1184 1658 vel
1202 1630 1284 1670 pro
1299 1616 1491 1658 haeredi-

234 1687 329 1723 tate
352 1695 453 1732 sua,
474 1695 612 1735 quam
633 1682 946 1724 haereditatem
978 1683 1169 1724 maritus
1189 1695 1301 1724 suus
1324 1687 1371 1724 et
1390 1683 1493 1736 ipsa

233 1752 476 1789 tenuerunt
497 1752 509 1770 ‘
522 1747 608 1789 die'
622 1741 638 1768 ⁷
660 1748 810 1789 obitus
825 1749 971 1802 ipsius
993 1752 1005 1771 ‘
1018 1748 1171 1790 mariti
1181 1745 1229 1800 ;’⁸
1249 1753 1295 1790 et
1308 1753 1493 1790 maneat

233 1814 279 1853 in
319 1814 509 1867 capitali
549 1814 809 1867 messuagio
849 1818 862 1836 ‘
879 1812 1069 1868 ipsius'9
1108 1814 1261 1856 mariti
1297 1814 1370 1855 sui
1411 1827 1493 1867 per

233 1879 540 1932 quadraginta
559 1879 655 1921 dies
676 1884 780 1934 post
799 1880 973 1922 obitum
993 1884 1007 1903 ‘
1022 1877 1179 1934 ipsius’
1193 1878 1210 1906 9
1232 1880 1384 1921 mariti
1405 1880 1492 1930 sui,

163 1956 215 1995 25
234 1945 354 1986 infra
376 1949 387 1968 ‘
405 1942 581 1999 quos'¹⁰
603 1946 866 1999 assignetur
892 1947 934 1987 ei
957 1946 1040 1988 dos
1070 1959 1170 1996 sua,
1193 1945 1282 1986 nisi
1302 1946 1427 1999 prius
1451 1946 1493 1987 ei

231 2011 367 2052 fuerit
393 2012 630 2064 assignata
660 2011 733 2053 vel
770 2012 857 2053 nisi
887 2011 1049 2054 domus
1077 2011 1158 2053 illa
1187 2012 1247 2053 sit
1277 2016 1493 2062 castrum,

232 2082 278 2118 et
306 2077 345 2117 si
380 2077 436 2118 de
470 2083 621 2118 castro
656 2078 894 2119 recesserit
930 2079 1087 2119 statim
1124 2077 1420 2131 provideatur
1452 2078 1494 2119 ei

233 2142 394 2183 domus
426 2147 687 2196 competens
716 2143 764 2183 in
794 2155 886 2196 qua
920 2144 1067 2196 possit
1103 2142 1292 2185 honeste
1325 2144 1493 2184 morari

232 2221 471 2262 quousque
508 2208 590 2249 dos
628 2220 712 2249 sua
747 2208 789 2250 ei
824 2209 1099 2261 assignetur,
1135 2211 1147 2229 ‘
1166 2207 1344 2250 sicut'¹¹
1376 2222 1493 2261 prae-

163 2292 213 2329 30
231 2274 402 2315 dictum
417 2278 513 2325 est;
535 2278 581 2315 et
596 2274 763 2315 habeat
784 2274 1055 2315 rationabile
1070 2274 1345 2315 estoverium
1360 2287 1493 2315 suum

230 2340 413 2381 interim
426 2340 482 2381 de
495 2340 724 2381 communi
742 2356 753 2388 ;
779 2340 1040 2392 assignetur
1055 2345 1207 2381 autem
1224 2339 1265 2380 ei
1283 2352 1365 2392 pro
1387 2338 1494 2381 dote

231 2417 316 2446 sua
349 2406 484 2446 tertia
512 2418 618 2458 pars
647 2406 789 2447 totius
818 2410 952 2446 terrae
983 2405 1135 2446 mariti
1164 2405 1250 2455 sui,
1278 2417 1379 2458 quae
1409 2417 1495 2446 sua

278 2525 287 2545 ¹
312 2527 321 2544 ‘
334 2527 451 2559 illam!
936 2523 950 2549 ⁷
972 2526 982 2545 ⁴
995 2526 1097 2558 simul
1112 2526 1192 2558 die.’

277 2571 291 2592 2
311 2573 321 2590 ‘
332 2572 525 2612 hujusmodi
541 2572 720 2605 habuerit!
939 2581 952 2600 ⁸
973 2583 983 2600 ι
994 2583 1106 2614 mariti
1121 2583 1199 2615 guig

277 2617 290 2636 ³
311 2618 466 2658 ‘pax-cos,
482 2618 636 2650 vivaria!
936 2638 950 2658 9
973 2639 1123 2671 Omitted

277 2663 288 2682 ⁴
314 2665 378 2695 ‘de
394 2661 574 2696 omnibus)
1127 2663 1134 2702 ἰ

276 2709 289 2727 ³
312 2711 321 2728 ι
335 2710 447 2742 sicut.»
931 2694 956 2715 ¹⁰
978 2696 1085 2735 ‘quos
1101 2694 1200 2727 dies!

277 2755 289 2774 ⁶
312 2757 322 2774 ‘
336 2756 422 2787 nec.'
933 2750 954 2769 ¹¹
979 2752 988 2770 ‘
1000 2752 1184 2783 secundum
1202 2752 1317 2792 quod!
