1866 3186
442 293 665 325 wAn'rERl
698 292 760 322 DE
791 291 1168 322 HEMINGBURGH.
1334 279 1421 321 137

159 404 274 440 rent.
346 397 539 439 Nullum
573 410 717 450 regno
755 395 1011 449 Anglorum
1051 395 1124 437 vel
1156 395 1288 436 terris
1326 394 1421 435 suis
1461 403 1563 461 Regu!
1569 401 1618 460 ¹139

160 464 476 505 transmarinis
509 477 651 517 grave
682 475 798 504 onus
826 475 1027 516 unquam
1058 460 1306 515 imposuit:
1339 460 1420 501 tri-
1487 454 1494 460 ’
1533 454 1540 460 ’
1619 453 1626 460 ’

162 531 321 571 butum
343 530 547 572 ecclesiis
572 529 645 571 vel
666 528 953 570 monasteriis
976 539 1210 582 nunquam
1227 526 1420 568 indixit:

162 595 401 637 discrimen
437 596 672 648 sanguinis
707 600 753 636 et
790 598 960 636 mortes
990 594 1223 635 hominum
1258 592 1425 634 exhor-

162 674 359 712 rescenS‚
402 662 556 711 armis,
598 674 700 702 cum
744 660 878 702 aliter
917 673 1005 701 non
1046 659 1215 713 potuit,
1262 670 1422 712 pacem

163 728 408 769 observare
454 727 645 769 curavit.
719 725 846 767 Obiit
897 730 1052 767 autem
1099 724 1291 766 illustris
1339 736 1423 764 rex

164 792 419 846 Anglorum
463 793 559 834 dux
595 792 967 834 Normannorum
1006 795 1053 831 et
1084 788 1422 843 Aquitanorum

164 864 210 900 et
241 872 392 900 comes
423 857 822 911 Andegavensium
852 856 1084 897 Henricus
1120 853 1422 896 ‘secundus'l

165 937 283 965 anno
326 924 452 977 regni
495 924 566 964 sui
609 934 784 964 xxxv:
837 935 957 963 anno
1002 934 1060 963 ex
1109 934 1200 974 quo
1240 920 1422 973 signum

166 990 352 1031 Domini
372 990 574 1043 suscepit
595 988 807 1030 secundo.
860 987 1060 1039 Quidam
1084 986 1230 1028 nostri
1252 986 1423 1027 ordinis
1440 1003 1565 1036 Legem.

167 1057 212 1096 in
238 1056 334 1097 vita
356 1057 476 1108 regis
506 1069 589 1109 pro
611 1068 665 1096 eo
690 1055 952 1108 frequenter
974 1066 1128 1102 orans,
1153 1061 1199 1094 et
1222 1065 1342 1106 quae,
1367 1052 1422 1093 de

166 1122 473 1163 misericordia
500 1122 570 1163 vel
593 1121 649 1162 de
671 1121 846 1175 judicio
872 1119 1059 1173 superni
1088 1118 1423 1168 moderaminis,

166 1188 310 1228 eidem
353 1193 506 1229 essent
550 1187 645 1240 regi
687 1191 922 1236 eventura,
969 1198 1104 1227 nosse
1145 1185 1424 1233 desiderans,

167 1259 275 1295 ante
306 1259 484 1307 tempus
514 1266 606 1307 quo
640 1253 822 1306 signum
856 1251 1130 1293 dominicum
1162 1255 1426 1304 susceperat

167 1333 265 1369 rex,
290 1318 456 1360 ‘tale’2
486 1332 514 1360 a
546 1319 743 1360 Domino
773 1319 829 1359 de
849 1331 957 1371 rege
987 1317 1153 1359 dilecto
1183 1318 1230 1358 in
1256 1317 1427 1358 somnis

167 1398 432 1439 responsum
479 1385 669 1438 accepit.
756 1383 945 1436 Signum
997 1397 1147 1424 meum
1196 1396 1334 1436 super
1378 1395 1428 1424 se

169 1451 367 1499 levabit;
414 1451 493 1491 sed
535 1450 582 1491 in
622 1455 849 1491 tormento
891 1454 1170 1491 tormentum
1211 1449 1427 1502 portabit,

169 1531 272 1558 nam
307 1523 464 1558 uterus
494 1516 651 1557 uxoris
680 1528 776 1556 suae
807 1520 967 1557 contra
997 1528 1100 1557 eum
1128 1516 1428 1566 intumescet3

171 1589 216 1624 et
264 1583 320 1624 ad
370 1583 578 1624 ultimum
620 1595 723 1622 cum
773 1581 936 1623 velatis
984 1581 1227 1623 velabitur.
1313 1581 1431 1632 Quae

172 1650 323 1690 omnia
346 1652 598 1690 evenerunt
621 1647 679 1688 ad
699 1647 911 1688 litteram.

193 1763 256 1804 De
283 1763 548 1804 Coronatione
565 1763 688 1818 Reyis
710 1763 908 1811 Ricardi,
930 1769 967 1804 et
986 1764 1070 1817 qius
1093 1763 1418 1819 ‘primordiis.'³

242 1844 378 1887 Anno
430 1846 615 1887 Domini
666 1856 967 1888 M.CLxxxlx.
1023 1846 1121 1887 sedi
1169 1845 1434 1899 apostolicae
1454 1863 1578 1889 menard
1593 1863 1616 1888 1.

177 1905 446 1965 praesidente
480 1911 729 1959 Clemente,
773 1911 977 1953 Henrico
1016 1917 1169 1953 autem
1205 1911 1435 1953 Frederici

174 1977 266 2018 filio
305 1991 455 2019 arcem
490 1977 687 2018 Romani
718 1978 896 2030 imperii
933 1982 1129 2027 tenente,
1158 1982 1204 2019 et
1244 1977 1435 2018 Francis

176 2044 427 2097 imperante
465 2043 694 2097 Philippo,
728 2043 957 2084 Ricardus
988 2043 1284 2085 illustrissimi
1315 2044 1435 2096 regis

176 2109 432 2162 Anglorum
458 2109 648 2150 Henrici
668 2110 854 2150 secundi
875 2110 994 2151 filius
1012 2109 1226 2151 defuncto
1248 2114 1260 2132 ‘
1275 2106 1437 2163 patri'⁴

177 2176 412 2216 successit.
485 2175 594 2225 Hic,
637 2179 768 2228 patre
809 2176 1004 2228 sepulto,
1045 2177 1270 2229 rebusque
1311 2181 1437 2217 trans

180 2254 304 2283 mare
339 2239 594 2282 ‘mature’5
628 2241 877 2294 dispositis,
917 2241 964 2281 in
1006 2239 1222 2294 Angliam
1261 2241 1352 2282 cito
1393 2247 1438 2282 ct

178 2313 433 2361 opportune
469 2306 804 2348 transvehitur:
848 2307 1023 2348 cunctis
1057 2320 1115 2348 ex
1153 2307 1252 2361 ejus
1290 2307 1439 2348 edicto

180 2374 398 2415 custodiis
437 2386 516 2427 per
553 2372 766 2425 Angliam
803 2373 1041 2422 relaxatis,
1077 2379 1128 2414 ut
1171 2372 1345 2413 scilicet
1381 2372 1439 2413 ad

181 2440 414 2480 introitum
451 2439 557 2480 novi
587 2439 804 2492 principis
836 2444 957 2479 esset
991 2438 1155 2479 laetitia
1188 2438 1437 2491 generalis:

181 2509 472 2546 consecratus
509 2510 578 2545 est
616 2509 768 2545 autem
805 2505 852 2544 in
885 2517 1055 2557 regem,
1098 2509 1143 2545 et
1181 2504 1443 2545 solemniter
1458 2516 1586 2542 erowneu
1598 2517 1628 2542 at

231 2616 238 2635 ¹
264 2618 274 2635 ‘
299 2617 469 2650 secundus
511 2619 586 2656 post
622 2625 795 2655 conquaes-
877 2615 891 2635 ³
912 2619 922 2634 ‘
934 2616 1149 2656 primordiae‚'
1163 2617 1237 2648 MS.
1251 2616 1337 2649 Coll.
1350 2617 1444 2649 Arm.

181 2665 276 2704 tum,’
293 2665 368 2696 MS.
387 2663 510 2694 Lansd.

230 2709 243 2730 2
265 2711 275 2728 ‘
296 2707 400 2750 ta11a‚’
439 2710 540 2741 MSS.
575 2709 662 2741 σου.
701 2709 795 2739 Arm.
878 2682 891 2704 ⁴
914 2684 1291 2724 ‘patre,'MS.1,ansd,

184 2758 249 2789 and
266 2758 353 2790 Cott.
369 2757 445 2788 Tib.
878 2751 891 2770 ⁵
914 2753 1063 2785 Omitted
1081 2753 1114 2784 in
1131 2753 1207 2785 MS.
1227 2753 1350 2785 Lansd.
