1866 3186
424 289 454 331 6
920 297 1198 328 cnnomcmr

223 414 303 440 ΑΛ).
316 415 390 440 10⁶⁵.
426 407 636 455 nepotem
668 413 802 442 suum
826 399 1003 441 scilicet
1040 399 1225 441 Hacum
1254 400 1398 441 filium
1424 398 1579 440 fratris
1612 397 1683 437 sui

426 467 624 520 Sweyni‚
645 466 725 519 qui
750 465 915 507 ibidem
935 464 1115 506 obsides
1138 466 1410 506 tenebantur
1438 470 1490 505 ut
1522 475 1684 516 supra-

425 532 596 573 dictum
631 536 717 580 est,
756 530 986 579 liberaret,
1015 530 1324 584 liberatosque
1355 542 1510 571 secum
1539 529 1681 570 dedu-

425 609 527 638 cere
542 601 713 650 posset.
758 595 846 638 Cui
858 608 958 646 rex,
974 594 1146 645 “Hoc,'
1157 594 1166 610 ’
1179 595 1344 648 inquit,
1359 598 1389 617 “
1402 608 1494 636 non
1507 594 1585 635 fiet
1600 606 1683 647 per

425 675 525 704 me:
561 666 877 711 veruntamen,
901 674 958 702 ne
981 660 1136 702 videar
1157 664 1203 701 te
1225 663 1238 682 ‘
1255 659 1394 701 velle'
1408 658 1422 680 ¹
1447 659 1680 712 impedire,

425 728 641 781 permitto
661 732 714 768 ut
733 739 812 768 eas
833 739 925 780 quo
941 726 1010 768 vis
1029 730 1076 767 et
1095 725 1346 778 experiaris
1366 724 1487 779 quod
1511 725 1681 778 possis3

426 792 671 846 praesentio
701 797 857 834 tamen
880 797 926 833 te
949 792 997 832 in
1019 790 1130 831 nihil
1150 790 1273 832 aliud
1305 790 1507 839 tendere,
1529 790 1616 831 nisi
1635 789 1685 830 iu

427 858 748 900 detrimentum
787 857 929 898 totius
967 855 1152 909 Anglici
1192 856 1321 909 regni
1360 860 1408 896 et
1448 856 1495 896 in
1525 854 1686 896 confu-

428 923 600 964 sionem
625 923 720 973 tui;
753 922 861 964 novi
893 922 1014 963 enim
1037 921 1250 963 comitem
1274 934 1365 962 non
1388 921 1456 962 ita
1475 921 1689 974 inexper-

427 992 542 1038 tum,
570 993 624 1029 ut
660 1001 739 1030 eos
775 987 1067 1041 aliquatenus
1098 986 1211 1028 velit
1245 986 1491 1028 concedere
1523 986 1622 1036 tibi,
1648 986 1689 1026 si

213 1070 319 1095 aaron
333 1069 400 1095 uana
429 1066 520 1095 non
536 1053 787 1107 praescierit
802 1065 1018 1105 magnum
1036 1051 1288 1105 proficuum
1304 1052 1420 1092 sui.'’
1465 1050 1688 1092 Ascendit

211 1103 402 1167 f1‘’y¹;N⁰‘¹¹²⁸¹¹‘
427 1119 584 1171 itaque
605 1118 844 1159 Haraldus
864 1130 1044 1167 navem,
1060 1122 1107 1158 et
1126 1122 1229 1158 orta
1244 1121 1516 1170 tempestate
1534 1116 1690 1157 valida

211 1184 236 1209 ἰ*
244 1185 412 1216 ⁸¹¹11‘W1001‘·
428 1183 660 1237 projectus
685 1187 755 1224 est
785 1183 832 1224 in
859 1182 1108 1223 Pontivum
1130 1181 1320 1223 fluvium
1343 1182 1422 1235 qui
1443 1180 1590 1223 Maia²
1610 1194 1687 1224 vo-

210 1218 395 1281 {ffffsssssga'ffi'y
428 1253 573 1298 catur,
594 1248 673 1289 ubi
697 1261 726 1289 a
753 1246 954 1290 domino³
982 1252 1134 1297 terrae,
1152 1247 1400 1288 secundum
1432 1247 1568 1288 ritum
1598 1247 1687 1288 loci

213 1283 416 1345 ssggtfifgffiw‘
427 1314 565 1363 illius,
599 1313 811 1366 captivus
836 1313 1060 1354 abductus
1092 1318 1162 1354 est
1194 1325 1298 1354 cum
1331 1313 1542 1353 omnibus
1573 1313 1684 1355 suis.

429 1377 741 1420 Constrictus⁴
761 1379 918 1431 itaque
935 1377 1189 1427 Haraldus‚
1205 1377 1432 1430 quendam
1452 1377 1508 1418 de
1523 1377 1679 1431 vulgo,

427 1444 651 1497 promissa
671 1444 876 1485 mercede
898 1443 1116 1492 illectum,
1137 1443 1195 1484 ad
1220 1443 1431 1484 comitem
1453 1443 1685 1484 Norman-

426 1509 515 1551 niae
536 1509 655 1551 clam
674 1509 857 1559 direxit,
878 1509 1098 1549 nuncians
1128 1508 1281 1549 omnia
1303 1521 1405 1561 quae
1433 1521 1544 1550 casu
1564 1509 1684 1550 acci-

427 1574 605 1616 derant.
675 1573 742 1616 At
772 1574 864 1624 ille,
905 1573 1062 1615 audito
1104 1573 1207 1623 hoc,
1246 1574 1454 1627 protinus
1497 1574 1686 1616 mandat

427 1639 611 1681 domino
640 1639 827 1681 Pontivi
851 1644 904 1681 ut
935 1639 1173 1680 Haraldus
1207 1652 1309 1681 cum
1339 1640 1435 1680 suis
1466 1639 1553 1681 sibi
1583 1652 1686 1680 cum

427 1704 717 1746 festinatione
737 1705 962 1755 mittatur,
984 1705 1023 1746 si
1046 1705 1240 1758 pristina
1261 1705 1362 1759 ejus
1383 1705 1584 1746 amicitia
1603 1718 1685 1758 po-

426 1770 502 1811 tiri
519 1770 656 1812 vellet
675 1775 727 1812 ut
747 1771 887 1824 prius.
958 1770 1046 1811 Sed
1067 1784 1171 1811 cum
1188 1771 1265 1812 ille
1290 1770 1515 1811 hominem
1535 1771 1686 1812 dimit-

428 1840 524 1876 tere
556 1836 715 1884 nollet,
734 1835 899 1877 iterum
926 1849 954 1876 a
974 1836 1207 1877 Willelmo
1231 1837 1395 1876 comite
1421 1837 1468 1876 in
1497 1836 1686 1877 manda—

428 1901 488 1941 tis
529 1901 704 1953 accepit
742 1913 791 1941 se
830 1901 1087 1941 necessario
1126 1900 1384 1941 Haraldum
1426 1901 1685 1951 missurum,

429 1965 631 2018 alioquin
652 1965 902 2006 certissime
923 1966 1060 2006 sciret
1082 1965 1363 2007 Willelmum
1390 1965 1687 2008 Normanniae

430 2031 660 2080 comitem,
681 2043 764 2083 pro
795 2043 848 2071 eo
887 2030 1153 2072 adducendo
1184 2043 1286 2071 cum
1315 2031 1410 2071 suis
1441 2044 1588 2085 usque
1625 2032 1684 2073 ad

430 2095 726 2136 novissimum
771 2096 1087 2148 quadrantem,
1124 2094 1372 2138 Pontivum
1416 2098 1685 2150 quantotius

212 2177 248 2234 2¹
250 2176 393 2235 31:333,
431 2165 657 2201 armatum
699 2161 943 2202 aditurum.
1015 2161 1291 2202 Perterritus
1335 2162 1490 2215 itaque
1527 2161 1687 2203 minis⁵

214 2243 301 2304 θῶες
314 2242 380 2268 wn-
431 2225 572 2266 mittit
604 2225 879 2276 Haraldum,
911 2227 989 2279 qui
1023 2227 1080 2267 ab
1115 2227 1216 2279 ipso
1247 2228 1411 2268 comite
1440 2227 1685 2269 honorifice

477 2346 485 2363 ¹
511 2348 662 2380 Omitted
678 2350 712 2380 in
729 2349 804 2382 MS.
822 2349 910 2382 Cott.
926 2350 1004 2382 Tib.
1122 2348 1136 2366 ⁵
1156 2349 1227 2380 The
1243 2348 1419 2380 Chronicle
1442 2350 1480 2381 of
1492 2350 1686 2391 Normandy

475 2402 488 2420 π
519 2404 590 2435 The
628 2406 716 2437 river
752 2406 895 2446 Somme'
931 2405 1043 2437 which
1075 2394 1211 2425 informs
1245 2404 1286 2426 us
1322 2395 1394 2426 that
1430 2395 1484 2427 the
1515 2396 1626 2428 Count
1654 2397 1693 2428 of

427 2450 521 2480 ssows
543 2450 685 2491 through
703 2451 873 2484 Picafdie·
1077 2440 1244 2472 Ponthieu
1264 2450 1336 2471 was
1360 2441 1442 2472 deaf
1453 2445 1486 2473 to
1509 2442 1603 2474 these
1621 2452 1689 2474 me-

473 2509 487 2528 ³
884 2513 891 2520 ,
1075 2495 1186 2525 ηαοθε,
1218 2486 1284 2517 and
1310 2487 1445 2525 yielded
1474 2488 1551 2527 only
1576 2491 1609 2519 to
1632 2488 1688 2519 the

509 2511 591 2551 Guy
603 2512 948 2545 countOfponthoeu·
1074 2532 1155 2562 offer
1177 2531 1215 2562 of
1236 2541 1256 2562 a
1282 2532 1374 2572 large
1398 2542 1471 2563 sum
1501 2533 1538 2564 of
1558 2543 1688 2573 money,

473 2571 486 2591 ⁴
510 2572 641 2604 Hal-old
664 2574 730 2605 and
753 2574 806 2606 his
826 2575 1041 2615 compauions
1074 2578 1140 2608 and
1167 2587 1187 2608 a
1212 2578 1275 2608 fine
1297 2581 1381 2609 tract
1406 2578 1444 2609 of
1465 2578 1544 2609 land
1564 2589 1606 2609 on
1632 2580 1686 2610 the

426 2627 515 2649 were
530 2619 678 2650 confined
705 2620 738 2650 in
763 2620 818 2651 the
846 2621 983 2652 fortress
1007 2621 1045 2652 of
1074 2623 1160 2654 river
1177 2623 1305 2654 Eaune.
1355 2622 1479 2654 chron.
1497 2624 1539 2654 de
1557 2624 1687 2663 Norm„

428 2664 574 2700 Belram,
613 2675 689 2696 now
728 2666 910 2706 Beaurain‚
960 2676 1040 2697 near
1075 2668 1213 2699 Recueil
1236 2668 1297 2698 des
1318 2667 1409 2699 Hist.
1425 2668 1524 2699 de·1a
1549 2670 1687 2709 France,

428 2708 620 2741 Montreuil.
684 2711 808 2742 Robert
827 2712 942 2752 Wace,
973 2712 1040 2743 Ro·
1074 2714 1147 2744 xiii.
1186 2715 1269 2750 2233
1308 2713 1390 2745 Gul.
1426 2714 1556 2747 Pictav.
1594 2713 1685 2749 Hist.

426 2763 501 2784 man
516 2755 558 2785 de
575 2756 662 2794 Rou,
677 2756 713 2787 ii.
733 2759 805 2788 111.
1076 2759 1192 2790 Norm.
1209 2758 1330 2798 Script.
1350 2761 1422 2791 191.
