<?xml version="1.0" encoding="UTF-8"?>
<!DOCTYPE html PUBLIC "-//W3C//DTD XHTML 1.0 Transitional//EN"
    "http://www.w3.org/TR/xhtml1/DTD/xhtml1-transitional.dtd">
<html xmlns="http://www.w3.org/1999/xhtml" xml:lang="en" lang="en">
 <head>
  <title>
</title>
<meta http-equiv="Content-Type" content="text/html;charset=utf-8" />
  <meta name='ocr-system' content='tesseract 3.04.00' />
  <meta name='ocr-capabilities' content='ocr_page ocr_carea ocr_par ocr_line ocrx_word'/>
</head>
<body>
  <div class='ocr_page' id='page_1' title='image "./chronicondominiw01hemiuoft_0188.png"; bbox 0 0 1866 3186; ppageno 0'>
   <div class='ocr_carea' id='block_1_1' title="bbox 155 385 347 459">
    <p class='ocr_par' dir='ltr' id='par_1_1' title="bbox 155 385 347 459">
     <span class='ocr_line' id='line_1_1' title="bbox 182 385 342 412; baseline -0.013 0"><span class='ocrx_word' id='word_1_1' title='bbox 182 385 303 412; x_wconf 72' lang='lat' dir='ltr'><strong>menard</strong></span> <span class='ocrx_word' id='word_1_2' title='bbox 318 385 342 410; x_wconf 89' lang='lat'><strong>1.</strong></span> 
     </span>
     <span class='ocr_line' id='line_1_2' title="bbox 155 419 347 459; baseline 0 -14"><span class='ocrx_word' id='word_1_3' title='bbox 155 421 206 459; x_wconf 60' lang='lat' dir='ltr'><strong>v11.</strong></span> <span class='ocrx_word' id='word_1_4' title='bbox 222 419 256 444; x_wconf 90' lang='lat' dir='ltr'><strong>D.</strong></span> <span class='ocrx_word' id='word_1_5' title='bbox 273 419 347 445; x_wconf 87' lang='lat'><strong>1191.</strong></span> 
     </span>
    </p>
   </div>
   <div class='ocr_carea' id='block_1_2' title="bbox 174 453 351 460">
    <p class='ocr_par' dir='ltr' id='par_1_2' title="bbox 174 453 351 460">
     <span class='ocr_line' id='line_1_3' title="bbox 174 453 351 460; baseline 0 2726"><span class='ocrx_word' id='word_1_6' title='bbox 174 453 351 460; x_wconf 95' lang='lat' dir='ltr'><strong> </strong></span> 
     </span>
    </p>
   </div>
   <div class='ocr_carea' id='block_1_3' title="bbox 162 780 364 878">
    <p class='ocr_par' dir='ltr' id='par_1_3' title="bbox 162 780 364 878">
     <span class='ocr_line' id='line_1_4' title="bbox 164 780 329 811; baseline -0.006 -6"><span class='ocrx_word' id='word_1_7' title='bbox 164 780 286 811; x_wconf 81' lang='lat' dir='ltr'><strong>scarcity</strong></span> <span class='ocrx_word' id='word_1_8' title='bbox 300 780 329 805; x_wconf 87' lang='lat' dir='ltr'><strong>in</strong></span> 
     </span>
     <span class='ocr_line' id='line_1_5' title="bbox 162 813 364 839; baseline 0.01 -2"><span class='ocrx_word' id='word_1_9' title='bbox 162 814 211 838; x_wconf 78' lang='lat' dir='ltr'><strong>the</strong></span> <span class='ocrx_word' id='word_1_10' title='bbox 223 813 364 839; x_wconf 68' lang='lat' dir='ltr'><strong>Christian</strong></span> 
     </span>
     <span class='ocr_line' id='line_1_6' title="bbox 162 852 251 878; baseline 0.011 -7"><span class='ocrx_word' id='word_1_11' title='bbox 162 852 251 878; x_wconf 77' lang='lat' dir='ltr'><strong>army.</strong></span> 
     </span>
    </p>
   </div>
   <div class='ocr_carea' id='block_1_4' title="bbox 375 259 1139 301">
    <p class='ocr_par' dir='ltr' id='par_1_4' title="bbox 375 259 1139 301">
     <span class='ocr_line' id='line_1_7' title="bbox 375 259 1139 301; baseline 0 -1"><span class='ocrx_word' id='word_1_12' title='bbox 375 259 460 300; x_wconf 88' lang='lat'><strong>166</strong></span> <span class='ocrx_word' id='word_1_13' title='bbox 861 269 1139 301; x_wconf 75' lang='lat' dir='ltr'><strong>cnRomcoN</strong></span> 
     </span>
    </p>
   </div>
   <div class='ocr_carea' id='block_1_5' title="bbox 374 371 1634 611">
    <p class='ocr_par' dir='ltr' id='par_1_5' title="bbox 374 371 1634 611">
     <span class='ocr_line' id='line_1_8' title="bbox 375 371 1634 426; baseline -0.001 -12"><span class='ocrx_word' id='word_1_14' title='bbox 375 373 472 414; x_wconf 89' lang='lat' dir='ltr'><strong>sine</strong></span> <span class='ocrx_word' id='word_1_15' title='bbox 492 377 616 415; x_wconf 86' lang='lat' dir='ltr'><strong>terra</strong></span> <span class='ocrx_word' id='word_1_16' title='bbox 645 373 847 414; x_wconf 87' lang='lat' dir='ltr'><strong>futurum</strong></span> <span class='ocrx_word' id='word_1_17' title='bbox 864 371 913 422; x_wconf 78' lang='lat'><strong>;&#39;¹</strong></span> <span class='ocrx_word' id='word_1_18' title='bbox 943 373 1066 426; x_wconf 92' lang='lat' dir='ltr'><strong>quod</strong></span> <span class='ocrx_word' id='word_1_19' title='bbox 1098 372 1281 426; x_wconf 91' lang='lat' dir='ltr'><strong>quidem</strong></span> <span class='ocrx_word' id='word_1_20' title='bbox 1302 372 1488 414; x_wconf 90' lang='lat' dir='ltr'><strong>verbum</strong></span> <span class='ocrx_word' id='word_1_21' title='bbox 1511 385 1634 425; x_wconf 85' lang='lat' dir='ltr'><strong>aegre</strong></span> 
     </span>
     <span class='ocr_line' id='line_1_9' title="bbox 374 438 1632 488; baseline -0.002 -8"><span class='ocrx_word' id='word_1_22' title='bbox 374 440 481 480; x_wconf 91' lang='lat' dir='ltr'><strong>tulit</strong></span> <span class='ocrx_word' id='word_1_23' title='bbox 501 439 627 481; x_wconf 86' lang='lat' dir='ltr'><strong>dux:</strong></span> <span class='ocrx_word' id='word_1_24' title='bbox 663 438 967 481; x_wconf 89' lang='lat' dir='ltr'><strong>dissimulavit</strong></span> <span class='ocrx_word' id='word_1_25' title='bbox 994 443 1163 488; x_wconf 89' lang='lat' dir='ltr'><strong>tamen,</strong></span> <span class='ocrx_word' id='word_1_26' title='bbox 1185 438 1265 480; x_wconf 85' lang='lat' dir='ltr'><strong>sed</strong></span> <span class='ocrx_word' id='word_1_27' title='bbox 1300 438 1512 480; x_wconf 84' lang='lat' dir='ltr'><strong>hostilem</strong></span> <span class='ocrx_word' id='word_1_28' title='bbox 1535 438 1632 479; x_wconf 90' lang='lat' dir='ltr'><strong>ani-</strong></span> 
     </span>
     <span class='ocr_line' id='line_1_10' title="bbox 375 503 1632 559; baseline -0.001 -14"><span class='ocrx_word' id='word_1_29' title='bbox 375 517 500 546; x_wconf 90' lang='lat' dir='ltr'><strong>mum</strong></span> <span class='ocrx_word' id='word_1_30' title='bbox 524 508 537 527; x_wconf 95' lang='lat'>‘</span> <span class='ocrx_word' id='word_1_31' title='bbox 551 503 756 559; x_wconf 85' lang='lat' dir='ltr'><strong>postea’¹</strong></span> <span class='ocrx_word' id='word_1_32' title='bbox 778 504 1044 555; x_wconf 83' lang='lat' dir='ltr'><strong>declaravit,</strong></span> <span class='ocrx_word' id='word_1_33' title='bbox 1071 508 1124 545; x_wconf 89' lang='lat' dir='ltr'><strong>ut</strong></span> <span class='ocrx_word' id='word_1_34' title='bbox 1144 516 1228 545; x_wconf 87' lang='lat' dir='ltr'><strong>suo</strong></span> <span class='ocrx_word' id='word_1_35' title='bbox 1247 503 1348 545; x_wconf 92' lang='lat' dir='ltr'><strong>loco</strong></span> <span class='ocrx_word' id='word_1_36' title='bbox 1368 504 1545 546; x_wconf 89' lang='lat' dir='ltr'><strong>dicetur</strong></span> <span class='ocrx_word' id='word_1_37' title='bbox 1564 504 1632 544; x_wconf 93' lang='lat' dir='ltr'><strong>in-</strong></span> 
     </span>
     <span class='ocr_line' id='line_1_11' title="bbox 374 570 528 611; baseline 0 0"><span class='ocrx_word' id='word_1_38' title='bbox 374 570 528 611; x_wconf 79' lang='lat' dir='ltr'><strong>serius.</strong></span> 
     </span>
    </p>
   </div>
   <div class='ocr_carea' id='block_1_6' title="bbox 585 656 1429 713">
    <p class='ocr_par' dir='ltr' id='par_1_6' title="bbox 585 656 1429 713">
     <span class='ocr_line' id='line_1_12' title="bbox 585 656 1429 713; baseline -0.001 -15"><span class='ocrx_word' id='word_1_39' title='bbox 585 657 753 713; x_wconf 70' lang='lat' dir='ltr'><strong>Eyressi</strong></span> <span class='ocrx_word' id='word_1_40' title='bbox 773 663 869 699; x_wconf 75' lang='lat' dir='ltr'><strong>swnt</strong></span> <span class='ocrx_word' id='word_1_41' title='bbox 887 658 1007 699; x_wconf 77' lang='lat' dir='ltr'><strong>Aera</strong></span> <span class='ocrx_word' id='word_1_42' title='bbox 1027 662 1170 698; x_wconf 76' lang='lat' dir='ltr'><strong>contra</strong></span> <span class='ocrx_word' id='word_1_43' title='bbox 1190 656 1429 698; x_wconf 74' lang='lat' dir='ltr'><strong>Saracenos.</strong></span> 
     </span>
    </p>
   </div>
   <div class='ocr_carea' id='block_1_7' title="bbox 378 764 1638 2586">
    <p class='ocr_par' dir='ltr' id='par_1_7' title="bbox 378 764 1638 2586">
     <span class='ocr_line' id='line_1_13' title="bbox 448 764 1638 820; baseline -0.001 -12"><span class='ocrx_word' id='word_1_44' title='bbox 448 766 602 820; x_wconf 82' lang='lat' dir='ltr'><strong>Reges</strong></span> <span class='ocrx_word' id='word_1_45' title='bbox 623 771 775 808; x_wconf 88' lang='lat' dir='ltr'><strong>autem</strong></span> <span class='ocrx_word' id='word_1_46' title='bbox 792 779 874 819; x_wconf 90' lang='lat' dir='ltr'><strong>per</strong></span> <span class='ocrx_word' id='word_1_47' title='bbox 893 766 988 807; x_wconf 90' lang='lat' dir='ltr'><strong>dies</strong></span> <span class='ocrx_word' id='word_1_48' title='bbox 1006 765 1183 818; x_wconf 87' lang='lat' dir='ltr'><strong>aliquot</strong></span> <span class='ocrx_word' id='word_1_49' title='bbox 1202 765 1249 806; x_wconf 90' lang='lat' dir='ltr'><strong>in</strong></span> <span class='ocrx_word' id='word_1_50' title='bbox 1272 764 1431 806; x_wconf 86' lang='lat' dir='ltr'><strong>eadem</strong></span> <span class='ocrx_word' id='word_1_51' title='bbox 1451 764 1638 807; x_wconf 88' lang='lat' dir='ltr'><strong>civitate</strong></span> 
     </span>
     <span class='ocr_line' id='line_1_14' title="bbox 379 830 1636 882; baseline -0.002 -8"><span class='ocrx_word' id='word_1_52' title='bbox 379 837 624 882; x_wconf 85' lang='lat' dir='ltr'><strong>morantes,</strong></span> <span class='ocrx_word' id='word_1_53' title='bbox 650 832 774 873; x_wconf 85' lang='lat' dir='ltr'><strong>facta</strong></span> <span class='ocrx_word' id='word_1_54' title='bbox 805 836 876 873; x_wconf 88' lang='lat' dir='ltr'><strong>est</strong></span> <span class='ocrx_word' id='word_1_55' title='bbox 904 832 951 872; x_wconf 95' lang='lat' dir='ltr'><strong>in</strong></span> <span class='ocrx_word' id='word_1_56' title='bbox 979 832 1183 872; x_wconf 85' lang='lat' dir='ltr'><strong>exercitu</strong></span> <span class='ocrx_word' id='word_1_57' title='bbox 1223 830 1367 872; x_wconf 86' lang='lat' dir='ltr'><strong>fames</strong></span> <span class='ocrx_word' id='word_1_58' title='bbox 1394 830 1636 880; x_wconf 75' lang='lat' dir='ltr'><strong>‘valida,’²</strong></span> 
     </span>
     <span class='ocr_line' id='line_1_15' title="bbox 380 895 1638 952; baseline -0.002 -12"><span class='ocrx_word' id='word_1_59' title='bbox 380 903 568 952; x_wconf 90' lang='lat' dir='ltr'><strong>propter</strong></span> <span class='ocrx_word' id='word_1_60' title='bbox 603 898 741 952; x_wconf 89' lang='lat' dir='ltr'><strong>quod,</strong></span> <span class='ocrx_word' id='word_1_61' title='bbox 780 898 1114 939; x_wconf 90' lang='lat' dir='ltr'><strong>communicato</strong></span> <span class='ocrx_word' id='word_1_62' title='bbox 1149 896 1354 946; x_wconf 92' lang='lat' dir='ltr'><strong>consilio,</strong></span> <span class='ocrx_word' id='word_1_63' title='bbox 1384 895 1638 938; x_wconf 83' lang='lat' dir='ltr'><strong>diviserunt</strong></span> 
     </span>
     <span class='ocr_line' id='line_1_16' title="bbox 379 962 1637 1016; baseline -0.002 -12"><span class='ocrx_word' id='word_1_64' title='bbox 379 964 498 1005; x_wconf 91' lang='lat' dir='ltr'><strong>inter</strong></span> <span class='ocrx_word' id='word_1_65' title='bbox 537 976 586 1004; x_wconf 93' lang='lat' dir='ltr'><strong>se</strong></span> <span class='ocrx_word' id='word_1_66' title='bbox 622 975 753 1016; x_wconf 85' lang='lat' dir='ltr'><strong>reges</strong></span> <span class='ocrx_word' id='word_1_67' title='bbox 789 962 1097 1004; x_wconf 89' lang='lat' dir='ltr'><strong>Christianum</strong></span> <span class='ocrx_word' id='word_1_68' title='bbox 1135 962 1401 1011; x_wconf 88' lang='lat' dir='ltr'><strong>exercitum,</strong></span> <span class='ocrx_word' id='word_1_69' title='bbox 1440 966 1486 1002; x_wconf 91' lang='lat' dir='ltr'><strong>et</strong></span> <span class='ocrx_word' id='word_1_70' title='bbox 1516 962 1637 1003; x_wconf 94' lang='lat' dir='ltr'><strong>bono</strong></span> 
     </span>
     <span class='ocr_line' id='line_1_17' title="bbox 379 1026 1638 1070; baseline -0.002 0"><span class='ocrx_word' id='word_1_71' title='bbox 379 1029 476 1070; x_wconf 82' lang='lat' dir='ltr'><strong>zelo</strong></span> <span class='ocrx_word' id='word_1_72' title='bbox 497 1032 511 1051; x_wconf 94' lang='lat'>‘</span> <span class='ocrx_word' id='word_1_73' title='bbox 531 1027 627 1070; x_wconf 83' lang='lat' dir='ltr'><strong>ut&#39;³</strong></span> <span class='ocrx_word' id='word_1_74' title='bbox 661 1033 821 1070; x_wconf 84' lang='lat' dir='ltr'><strong>contra</strong></span> <span class='ocrx_word' id='word_1_75' title='bbox 854 1028 1009 1069; x_wconf 87' lang='lat' dir='ltr'><strong>hostes</strong></span> <span class='ocrx_word' id='word_1_76' title='bbox 1042 1028 1249 1069; x_wconf 88' lang='lat' dir='ltr'><strong>inimicos</strong></span> <span class='ocrx_word' id='word_1_77' title='bbox 1281 1028 1428 1068; x_wconf 87' lang='lat' dir='ltr'><strong>crucis</strong></span> <span class='ocrx_word' id='word_1_78' title='bbox 1466 1026 1638 1069; x_wconf 86' lang='lat' dir='ltr'>Christi</span> 
     </span>
     <span class='ocr_line' id='line_1_18' title="bbox 378 1092 1637 1147; baseline -0.001 -12"><span class='ocrx_word' id='word_1_79' title='bbox 378 1094 590 1147; x_wconf 89' lang='lat' dir='ltr'><strong>bipertite</strong></span> <span class='ocrx_word' id='word_1_80' title='bbox 615 1093 926 1147; x_wconf 89' lang='lat' dir='ltr'><strong>procederent.</strong></span> <span class='ocrx_word' id='word_1_81' title='bbox 997 1093 1058 1134; x_wconf 93' lang='lat' dir='ltr'><strong>Et</strong></span> <span class='ocrx_word' id='word_1_82' title='bbox 1087 1106 1171 1134; x_wconf 84' lang='lat' dir='ltr'><strong>rex</strong></span> <span class='ocrx_word' id='word_1_83' title='bbox 1210 1093 1392 1146; x_wconf 89' lang='lat' dir='ltr'><strong>quidem</strong></span> <span class='ocrx_word' id='word_1_84' title='bbox 1429 1092 1637 1134; x_wconf 87' lang='lat' dir='ltr'><strong>Franciae</strong></span> 
     </span>
     <span class='ocr_line' id='line_1_19' title="bbox 380 1158 1638 1212; baseline -0.001 -12"><span class='ocrx_word' id='word_1_85' title='bbox 380 1173 482 1200; x_wconf 91' lang='lat' dir='ltr'><strong>cum</strong></span> <span class='ocrx_word' id='word_1_86' title='bbox 514 1173 598 1201; x_wconf 92' lang='lat' dir='ltr'><strong>suo</strong></span> <span class='ocrx_word' id='word_1_87' title='bbox 631 1159 851 1200; x_wconf 86' lang='lat' dir='ltr'><strong>comitatu</strong></span> <span class='ocrx_word' id='word_1_88' title='bbox 892 1159 1078 1200; x_wconf 90' lang='lat' dir='ltr'><strong>divertit</strong></span> <span class='ocrx_word' id='word_1_89' title='bbox 1113 1172 1195 1212; x_wconf 88' lang='lat' dir='ltr'><strong>per</strong></span> <span class='ocrx_word' id='word_1_90' title='bbox 1228 1171 1367 1199; x_wconf 91' lang='lat' dir='ltr'><strong>unam</strong></span> <span class='ocrx_word' id='word_1_91' title='bbox 1407 1158 1575 1199; x_wconf 90' lang='lat' dir='ltr'><strong>dietam</strong></span> <span class='ocrx_word' id='word_1_92' title='bbox 1609 1171 1638 1199; x_wconf 88' lang='lat' dir='ltr'><strong>a</strong></span> 
     </span>
     <span class='ocr_line' id='line_1_20' title="bbox 380 1224 1636 1278; baseline -0.002 -12"><span class='ocrx_word' id='word_1_93' title='bbox 380 1226 567 1266; x_wconf 89' lang='lat' dir='ltr'><strong>civitate</strong></span> <span class='ocrx_word' id='word_1_94' title='bbox 599 1225 656 1266; x_wconf 91' lang='lat' dir='ltr'><strong>ad</strong></span> <span class='ocrx_word' id='word_1_95' title='bbox 690 1224 919 1278; x_wconf 84' lang='lat' dir='ltr'><strong>quoddam</strong></span> <span class='ocrx_word' id='word_1_96' title='bbox 955 1229 1154 1266; x_wconf 85' lang='lat' dir='ltr'><strong>castrum</strong></span> <span class='ocrx_word' id='word_1_97' title='bbox 1188 1224 1483 1265; x_wconf 88' lang='lat' dir='ltr'><strong>fortissimum</strong></span> <span class='ocrx_word' id='word_1_98' title='bbox 1515 1224 1636 1265; x_wconf 91' lang='lat' dir='ltr'><strong>obsi-</strong></span> 
     </span>
     <span class='ocr_line' id='line_1_21' title="bbox 380 1289 1636 1344; baseline -0.002 -13"><span class='ocrx_word' id='word_1_99' title='bbox 380 1291 596 1341; x_wconf 90' lang='lat' dir='ltr'><strong>dendum,</strong></span> <span class='ocrx_word' id='word_1_100' title='bbox 616 1290 877 1344; x_wconf 87' lang='lat' dir='ltr'><strong>petulanter</strong></span> <span class='ocrx_word' id='word_1_101' title='bbox 896 1290 1066 1340; x_wconf 83' lang='lat' dir='ltr'><strong>dicens,</strong></span> <span class='ocrx_word' id='word_1_102' title='bbox 1086 1289 1207 1344; x_wconf 91' lang='lat' dir='ltr'><strong>quod</strong></span> <span class='ocrx_word' id='word_1_103' title='bbox 1228 1302 1320 1330; x_wconf 90' lang='lat' dir='ltr'><strong>non</strong></span> <span class='ocrx_word' id='word_1_104' title='bbox 1341 1289 1428 1330; x_wconf 88' lang='lat' dir='ltr'><strong>nisi</strong></span> <span class='ocrx_word' id='word_1_105' title='bbox 1451 1289 1525 1330; x_wconf 86' lang='lat' dir='ltr'><strong>vel</strong></span> <span class='ocrx_word' id='word_1_106' title='bbox 1554 1302 1636 1330; x_wconf 88' lang='lat' dir='ltr'><strong>ex-</strong></span> 
     </span>
     <span class='ocr_line' id='line_1_22' title="bbox 380 1354 1636 1409; baseline -0.002 -12"><span class='ocrx_word' id='word_1_107' title='bbox 380 1362 586 1409; x_wconf 84' lang='lat' dir='ltr'><strong>pugnato</strong></span> <span class='ocrx_word' id='word_1_108' title='bbox 616 1356 690 1398; x_wconf 83' lang='lat' dir='ltr'><strong>vel</strong></span> <span class='ocrx_word' id='word_1_109' title='bbox 720 1356 895 1397; x_wconf 89' lang='lat' dir='ltr'><strong>reddito</strong></span> <span class='ocrx_word' id='word_1_110' title='bbox 916 1360 1067 1396; x_wconf 88' lang='lat' dir='ltr'><strong>castro</strong></span> <span class='ocrx_word' id='word_1_111' title='bbox 1098 1355 1376 1396; x_wconf 90' lang='lat' dir='ltr'><strong>obsidionem</strong></span> <span class='ocrx_word' id='word_1_112' title='bbox 1411 1354 1636 1408; x_wconf 90' lang='lat' dir='ltr'><strong>relinque-</strong></span> 
     </span>
     <span class='ocr_line' id='line_1_23' title="bbox 381 1420 1636 1474; baseline 0 -13"><span class='ocrx_word' id='word_1_113' title='bbox 381 1426 462 1462; x_wconf 89' lang='lat' dir='ltr'><strong>ret.</strong></span> <span class='ocrx_word' id='word_1_114' title='bbox 534 1422 640 1463; x_wconf 88' lang='lat' dir='ltr'><strong>Rex</strong></span> <span class='ocrx_word' id='word_1_115' title='bbox 680 1425 831 1462; x_wconf 91' lang='lat' dir='ltr'><strong>autem</strong></span> <span class='ocrx_word' id='word_1_116' title='bbox 872 1420 1054 1474; x_wconf 85' lang='lat' dir='ltr'><strong>Angliae</strong></span> <span class='ocrx_word' id='word_1_117' title='bbox 1086 1434 1145 1462; x_wconf 88' lang='lat' dir='ltr'><strong>ex</strong></span> <span class='ocrx_word' id='word_1_118' title='bbox 1185 1420 1331 1461; x_wconf 89' lang='lat' dir='ltr'><strong>altera</strong></span> <span class='ocrx_word' id='word_1_119' title='bbox 1369 1424 1499 1473; x_wconf 85' lang='lat' dir='ltr'><strong>parte</strong></span> <span class='ocrx_word' id='word_1_120' title='bbox 1532 1433 1636 1461; x_wconf 90' lang='lat' dir='ltr'><strong>cum</strong></span> 
     </span>
     <span class='ocr_line' id='line_1_24' title="bbox 381 1485 1637 1540; baseline -0.001 -13"><span class='ocrx_word' id='word_1_121' title='bbox 381 1487 475 1528; x_wconf 88' lang='lat' dir='ltr'><strong>suis</strong></span> <span class='ocrx_word' id='word_1_122' title='bbox 496 1487 708 1528; x_wconf 91' lang='lat' dir='ltr'><strong>incedens</strong></span> <span class='ocrx_word' id='word_1_123' title='bbox 729 1491 775 1527; x_wconf 94' lang='lat' dir='ltr'><strong>et</strong></span> <span class='ocrx_word' id='word_1_124' title='bbox 800 1486 904 1539; x_wconf 83' lang='lat' dir='ltr'><strong>igne</strong></span> <span class='ocrx_word' id='word_1_125' title='bbox 924 1485 1135 1540; x_wconf 89' lang='lat' dir='ltr'><strong>ferroque</strong></span> <span class='ocrx_word' id='word_1_126' title='bbox 1158 1486 1279 1527; x_wconf 89' lang='lat' dir='ltr'><strong>viam</strong></span> <span class='ocrx_word' id='word_1_127' title='bbox 1315 1485 1400 1526; x_wconf 94' lang='lat' dir='ltr'><strong>sibi</strong></span> <span class='ocrx_word' id='word_1_128' title='bbox 1433 1485 1637 1538; x_wconf 88' lang='lat' dir='ltr'><strong>pandens</strong></span> 
     </span>
     <span class='ocr_line' id='line_1_25' title="bbox 383 1550 1637 1606; baseline -0.002 -12"><span class='ocrx_word' id='word_1_129' title='bbox 383 1565 464 1606; x_wconf 89' lang='lat' dir='ltr'><strong>per</strong></span> <span class='ocrx_word' id='word_1_130' title='bbox 502 1557 606 1594; x_wconf 86' lang='lat' dir='ltr'><strong>octo</strong></span> <span class='ocrx_word' id='word_1_131' title='bbox 646 1552 793 1593; x_wconf 83' lang='lat' dir='ltr'><strong>dietas</strong></span> <span class='ocrx_word' id='word_1_132' title='bbox 835 1552 988 1593; x_wconf 91' lang='lat' dir='ltr'><strong>omnia</strong></span> <span class='ocrx_word' id='word_1_133' title='bbox 1030 1565 1112 1605; x_wconf 91' lang='lat' dir='ltr'><strong>pro</strong></span> <span class='ocrx_word' id='word_1_134' title='bbox 1147 1551 1277 1592; x_wconf 88' lang='lat' dir='ltr'><strong>libito</strong></span> <span class='ocrx_word' id='word_1_135' title='bbox 1312 1550 1637 1604; x_wconf 87' lang='lat' dir='ltr'><strong>complanavit,</strong></span> 
     </span>
     <span class='ocr_line' id='line_1_26' title="bbox 383 1616 1636 1671; baseline -0.002 -12"><span class='ocrx_word' id='word_1_136' title='bbox 383 1617 665 1671; x_wconf 84' lang='lat' dir='ltr'><strong>audiensque</strong></span> <span class='ocrx_word' id='word_1_137' title='bbox 714 1617 835 1670; x_wconf 91' lang='lat' dir='ltr'><strong>quod</strong></span> <span class='ocrx_word' id='word_1_138' title='bbox 876 1630 958 1658; x_wconf 88' lang='lat' dir='ltr'><strong>rex</strong></span> <span class='ocrx_word' id='word_1_139' title='bbox 999 1617 1206 1658; x_wconf 85' lang='lat' dir='ltr'><strong>Franciae</strong></span> <span class='ocrx_word' id='word_1_140' title='bbox 1253 1616 1402 1658; x_wconf 91' lang='lat' dir='ltr'><strong>adhuc</strong></span> <span class='ocrx_word' id='word_1_141' title='bbox 1432 1617 1480 1657; x_wconf 90' lang='lat' dir='ltr'><strong>in</strong></span> <span class='ocrx_word' id='word_1_142' title='bbox 1515 1617 1636 1658; x_wconf 93' lang='lat' dir='ltr'><strong>obsi-</strong></span> 
     </span>
     <span class='ocr_line' id='line_1_27' title="bbox 382 1682 1637 1736; baseline 0 -12"><span class='ocrx_word' id='word_1_143' title='bbox 382 1683 514 1724; x_wconf 91' lang='lat' dir='ltr'><strong>dione</strong></span> <span class='ocrx_word' id='word_1_144' title='bbox 537 1683 660 1724; x_wconf 93' lang='lat' dir='ltr'><strong>illius</strong></span> <span class='ocrx_word' id='word_1_145' title='bbox 691 1683 828 1724; x_wconf 90' lang='lat' dir='ltr'><strong>castri</strong></span> <span class='ocrx_word' id='word_1_146' title='bbox 862 1682 973 1723; x_wconf 90' lang='lat' dir='ltr'><strong>nihil</strong></span> <span class='ocrx_word' id='word_1_147' title='bbox 1006 1682 1284 1736; x_wconf 90' lang='lat' dir='ltr'><strong>proficiendo</strong></span> <span class='ocrx_word' id='word_1_148' title='bbox 1320 1687 1540 1732; x_wconf 87' lang='lat' dir='ltr'><strong>maneret,</strong></span> <span class='ocrx_word' id='word_1_149' title='bbox 1572 1683 1637 1724; x_wconf 91' lang='lat' dir='ltr'><strong>ait</strong></span> 
     </span>
     <span class='ocr_line' id='line_1_28' title="bbox 382 1747 1638 1801; baseline 0 -12"><span class='ocrx_word' id='word_1_150' title='bbox 382 1749 492 1799; x_wconf 88' lang='lat' dir='ltr'><strong>suis,</strong></span> <span class='ocrx_word' id='word_1_151' title='bbox 528 1747 623 1790; x_wconf 91' lang='lat' dir='ltr'><strong>“Si</strong></span> <span class='ocrx_word' id='word_1_152' title='bbox 645 1762 727 1789; x_wconf 84' lang='lat' dir='ltr'><strong>rex</strong></span> <span class='ocrx_word' id='word_1_153' title='bbox 760 1748 1039 1789; x_wconf 89' lang='lat' dir='ltr'><strong>Francorum</strong></span> <span class='ocrx_word' id='word_1_154' title='bbox 1064 1753 1111 1790; x_wconf 93' lang='lat' dir='ltr'><strong>et</strong></span> <span class='ocrx_word' id='word_1_155' title='bbox 1137 1761 1223 1801; x_wconf 84' lang='lat' dir='ltr'><strong>ego</strong></span> <span class='ocrx_word' id='word_1_156' title='bbox 1257 1747 1392 1801; x_wconf 82' lang='lat' dir='ltr'><strong>longe</strong></span> <span class='ocrx_word' id='word_1_157' title='bbox 1420 1748 1638 1789; x_wconf 87' lang='lat' dir='ltr'><strong>fuerimus</strong></span> 
     </span>
     <span class='ocr_line' id='line_1_29' title="bbox 383 1813 1636 1867; baseline 0 -12"><span class='ocrx_word' id='word_1_158' title='bbox 383 1815 440 1855; x_wconf 84' lang='lat' dir='ltr'><strong>ab</strong></span> <span class='ocrx_word' id='word_1_159' title='bbox 475 1814 669 1855; x_wconf 87' lang='lat' dir='ltr'><strong>invicem</strong></span> <span class='ocrx_word' id='word_1_160' title='bbox 703 1815 919 1867; x_wconf 89' lang='lat' dir='ltr'><strong>separati,</strong></span> <span class='ocrx_word' id='word_1_161' title='bbox 940 1815 1092 1855; x_wconf 86' lang='lat' dir='ltr'><strong>veniet</strong></span> <span class='ocrx_word' id='word_1_162' title='bbox 1125 1813 1242 1856; x_wconf 88' lang='lat' dir='ltr'><strong>forte</strong></span> <span class='ocrx_word' id='word_1_163' title='bbox 1277 1813 1535 1864; x_wconf 90' lang='lat' dir='ltr'><strong>Saladinus,</strong></span> <span class='ocrx_word' id='word_1_164' title='bbox 1557 1814 1636 1867; x_wconf 92' lang='lat' dir='ltr'><strong>qui</strong></span> 
     </span>
     <span class='ocr_line' id='line_1_30' title="bbox 382 1879 1637 1931; baseline -0.001 -11"><span class='ocrx_word' id='word_1_165' title='bbox 382 1891 517 1920; x_wconf 80' lang='lat' dir='ltr'><strong>mouo</strong></span> <span class='ocrx_word' id='word_1_166' title='bbox 537 1880 669 1920; x_wconf 87' lang='lat' dir='ltr'><strong>timet</strong></span> <span class='ocrx_word' id='word_1_167' title='bbox 699 1879 1021 1931; x_wconf 85' lang='lat' dir='ltr'><strong>conglobatum</strong></span> <span class='ocrx_word' id='word_1_168' title='bbox 1050 1880 1318 1928; x_wconf 86' lang='lat' dir='ltr'><strong>exercitum,</strong></span> <span class='ocrx_word' id='word_1_169' title='bbox 1343 1884 1389 1920; x_wconf 93' lang='lat' dir='ltr'><strong>et</strong></span> <span class='ocrx_word' id='word_1_170' title='bbox 1417 1879 1561 1920; x_wconf 89' lang='lat' dir='ltr'><strong>irruet</strong></span> <span class='ocrx_word' id='word_1_171' title='bbox 1589 1879 1637 1919; x_wconf 91' lang='lat' dir='ltr'><strong>in</strong></span> 
     </span>
     <span class='ocr_line' id='line_1_31' title="bbox 384 1944 1638 1998; baseline -0.001 -13"><span class='ocrx_word' id='word_1_172' title='bbox 384 1949 561 1997; x_wconf 86' lang='lat' dir='ltr'><strong>partem</strong></span> <span class='ocrx_word' id='word_1_173' title='bbox 592 1948 851 1998; x_wconf 87' lang='lat' dir='ltr'><strong>separatam</strong></span> <span class='ocrx_word' id='word_1_174' title='bbox 875 1945 913 1985; x_wconf 88' lang='lat' dir='ltr'><strong>si</strong></span> <span class='ocrx_word' id='word_1_175' title='bbox 937 1944 1164 1996; x_wconf 91' lang='lat' dir='ltr'><strong>quomodo</strong></span> <span class='ocrx_word' id='word_1_176' title='bbox 1201 1957 1364 1985; x_wconf 88' lang='lat' dir='ltr'><strong>nocere</strong></span> <span class='ocrx_word' id='word_1_177' title='bbox 1394 1944 1540 1996; x_wconf 92' lang='lat' dir='ltr'><strong>possit</strong></span> <span class='ocrx_word' id='word_1_178' title='bbox 1563 1944 1638 1985; x_wconf 86' lang='lat' dir='ltr'><strong>vel</strong></span> 
     </span>
     <span class='ocr_line' id='line_1_32' title="bbox 382 2009 1637 2063; baseline 0 -13"><span class='ocrx_word' id='word_1_179' title='bbox 382 2010 429 2050; x_wconf 90' lang='lat' dir='ltr'><strong>in</strong></span> <span class='ocrx_word' id='word_1_180' title='bbox 456 2010 630 2050; x_wconf 90' lang='lat' dir='ltr'><strong>viribus</strong></span> <span class='ocrx_word' id='word_1_181' title='bbox 662 2010 924 2063; x_wconf 86' lang='lat' dir='ltr'><strong>praevalere‚</strong></span> <span class='ocrx_word' id='word_1_182' title='bbox 956 2009 1117 2050; x_wconf 89' lang='lat' dir='ltr'><strong>melius</strong></span> <span class='ocrx_word' id='word_1_183' title='bbox 1143 2013 1220 2050; x_wconf 82' lang='lat' dir='ltr'><strong>est</strong></span> <span class='ocrx_word' id='word_1_184' title='bbox 1252 2022 1360 2062; x_wconf 88' lang='lat' dir='ltr'><strong>ergo</strong></span> <span class='ocrx_word' id='word_1_185' title='bbox 1391 2014 1443 2050; x_wconf 92' lang='lat' dir='ltr'><strong>ut</strong></span> <span class='ocrx_word' id='word_1_186' title='bbox 1484 2022 1637 2050; x_wconf 87' lang='lat' dir='ltr'><strong>rever-</strong></span> 
     </span>
     <span class='ocr_line' id='line_1_33' title="bbox 384 2074 1638 2128; baseline -0.001 -12"><span class='ocrx_word' id='word_1_187' title='bbox 384 2080 535 2116; x_wconf 87' lang='lat' dir='ltr'><strong>tamur</strong></span> <span class='ocrx_word' id='word_1_188' title='bbox 566 2075 624 2116; x_wconf 88' lang='lat' dir='ltr'><strong>ad</strong></span> <span class='ocrx_word' id='word_1_189' title='bbox 657 2088 777 2124; x_wconf 91' lang='lat' dir='ltr'><strong>eum,</strong></span> <span class='ocrx_word' id='word_1_190' title='bbox 808 2079 854 2116; x_wconf 92' lang='lat' dir='ltr'><strong>et</strong></span> <span class='ocrx_word' id='word_1_191' title='bbox 885 2080 1152 2128; x_wconf 84' lang='lat' dir='ltr'><strong>expugnato</strong></span> <span class='ocrx_word' id='word_1_192' title='bbox 1186 2079 1354 2124; x_wconf 90' lang='lat' dir='ltr'><strong>castro,</strong></span> <span class='ocrx_word' id='word_1_193' title='bbox 1388 2074 1638 2127; x_wconf 87' lang='lat' dir='ltr'><strong>poterimus</strong></span> 
     </span>
     <span class='ocr_line' id='line_1_34' title="bbox 384 2140 1637 2194; baseline 0.001 -13"><span class='ocrx_word' id='word_1_194' title='bbox 384 2145 493 2182; x_wconf 92' lang='lat' dir='ltr'><strong>tunc</strong></span> <span class='ocrx_word' id='word_1_195' title='bbox 516 2140 725 2182; x_wconf 89' lang='lat' dir='ltr'><strong>incedere</strong></span> <span class='ocrx_word' id='word_1_196' title='bbox 749 2140 1027 2194; x_wconf 91' lang='lat' dir='ltr'><strong>conjunctim</strong></span> <span class='ocrx_word' id='word_1_197' title='bbox 1048 2140 1122 2182; x_wconf 89' lang='lat' dir='ltr'><strong>vel</strong></span> <span class='ocrx_word' id='word_1_198' title='bbox 1155 2140 1382 2182; x_wconf 89' lang='lat' dir='ltr'><strong>divisim.”</strong></span> <span class='ocrx_word' id='word_1_199' title='bbox 1452 2140 1513 2181; x_wconf 94' lang='lat' dir='ltr'><strong>Et</strong></span> <span class='ocrx_word' id='word_1_200' title='bbox 1533 2153 1637 2182; x_wconf 89' lang='lat' dir='ltr'><strong>cum</strong></span> 
     </span>
     <span class='ocr_line' id='line_1_35' title="bbox 382 2206 1638 2259; baseline 0.001 -13"><span class='ocrx_word' id='word_1_201' title='bbox 382 2206 548 2247; x_wconf 92' lang='lat' dir='ltr'><strong>ibidem</strong></span> <span class='ocrx_word' id='word_1_202' title='bbox 593 2206 903 2248; x_wconf 88' lang='lat' dir='ltr'><strong>declinaturus</strong></span> <span class='ocrx_word' id='word_1_203' title='bbox 945 2211 1080 2255; x_wconf 90' lang='lat' dir='ltr'><strong>esset,</strong></span> <span class='ocrx_word' id='word_1_204' title='bbox 1124 2206 1387 2247; x_wconf 90' lang='lat' dir='ltr'><strong>nunciatum</strong></span> <span class='ocrx_word' id='word_1_205' title='bbox 1432 2210 1501 2246; x_wconf 91' lang='lat' dir='ltr'><strong>est</strong></span> <span class='ocrx_word' id='word_1_206' title='bbox 1539 2207 1638 2259; x_wconf 87' lang='lat' dir='ltr'><strong>regi</strong></span> 
     </span>
     <span class='ocr_line' id='line_1_36' title="bbox 385 2271 1638 2325; baseline 0.001 -14"><span class='ocrx_word' id='word_1_207' title='bbox 385 2271 594 2313; x_wconf 85' lang='lat' dir='ltr'><strong>Franciae</strong></span> <span class='ocrx_word' id='word_1_208' title='bbox 627 2272 684 2313; x_wconf 86' lang='lat' dir='ltr'><strong>de</strong></span> <span class='ocrx_word' id='word_1_209' title='bbox 713 2272 912 2313; x_wconf 89' lang='lat' dir='ltr'><strong>adventu</strong></span> <span class='ocrx_word' id='word_1_210' title='bbox 948 2271 1048 2325; x_wconf 90' lang='lat' dir='ltr'><strong>ejus</strong></span> <span class='ocrx_word' id='word_1_211' title='bbox 1080 2272 1242 2312; x_wconf 88' lang='lat' dir='ltr'><strong>festino</strong></span> <span class='ocrx_word' id='word_1_212' title='bbox 1277 2276 1323 2312; x_wconf 96' lang='lat' dir='ltr'><strong>et</strong></span> <span class='ocrx_word' id='word_1_213' title='bbox 1346 2271 1638 2324; x_wconf 88' lang='lat' dir='ltr'><strong>expeditione</strong></span> 
     </span>
     <span class='ocr_line' id='line_1_37' title="bbox 382 2335 1636 2390; baseline 0.001 -13"><span class='ocrx_word' id='word_1_214' title='bbox 382 2337 618 2387; x_wconf 87' lang='lat' dir='ltr'><strong>laudabili,</strong></span> <span class='ocrx_word' id='word_1_215' title='bbox 665 2336 895 2390; x_wconf 91' lang='lat' dir='ltr'><strong>quomodo</strong></span> <span class='ocrx_word' id='word_1_216' title='bbox 953 2337 1147 2378; x_wconf 87' lang='lat' dir='ltr'><strong>viriliter</strong></span> <span class='ocrx_word' id='word_1_217' title='bbox 1186 2349 1328 2389; x_wconf 86' lang='lat' dir='ltr'><strong>agens</strong></span> <span class='ocrx_word' id='word_1_218' title='bbox 1367 2337 1415 2377; x_wconf 93' lang='lat' dir='ltr'><strong>in</strong></span> <span class='ocrx_word' id='word_1_219' title='bbox 1457 2335 1636 2378; x_wconf 91' lang='lat' dir='ltr'><strong>modico</strong></span> 
     </span>
     <span class='ocr_line' id='line_1_38' title="bbox 382 2401 1636 2456; baseline 0.001 -14"><span class='ocrx_word' id='word_1_220' title='bbox 382 2407 586 2456; x_wconf 90' lang='lat' dir='ltr'><strong>tempore</strong></span> <span class='ocrx_word' id='word_1_221' title='bbox 619 2416 788 2455; x_wconf 82' lang='lat' dir='ltr'><strong>magna</strong></span> <span class='ocrx_word' id='word_1_222' title='bbox 818 2402 1038 2443; x_wconf 89' lang='lat' dir='ltr'><strong>exercuit.</strong></span> <span class='ocrx_word' id='word_1_223' title='bbox 1110 2401 1203 2453; x_wconf 87' lang='lat' dir='ltr'><strong>Qui</strong></span> <span class='ocrx_word' id='word_1_224' title='bbox 1236 2402 1394 2443; x_wconf 87' lang='lat' dir='ltr'><strong>accitis</strong></span> <span class='ocrx_word' id='word_1_225' title='bbox 1424 2402 1533 2451; x_wconf 88' lang='lat' dir='ltr'><strong>suis,</strong></span> <span class='ocrx_word' id='word_1_226' title='bbox 1555 2403 1636 2452; x_wconf 84' lang='lat' dir='ltr'><strong>ait,</strong></span> 
     </span>
     <span class='ocr_line' id='line_1_39' title="bbox 382 2467 1637 2520; baseline -0.001 -12"><span class='ocrx_word' id='word_1_227' title='bbox 382 2471 408 2488; x_wconf 93' lang='lat'><em>“</em></span> <span class='ocrx_word' id='word_1_228' title='bbox 430 2468 549 2508; x_wconf 89' lang='lat' dir='ltr'><strong>Ecce</strong></span> <span class='ocrx_word' id='word_1_229' title='bbox 584 2481 667 2509; x_wconf 88' lang='lat' dir='ltr'><strong>rex</strong></span> <span class='ocrx_word' id='word_1_230' title='bbox 707 2467 935 2508; x_wconf 88' lang='lat' dir='ltr'><strong>Ricardus</strong></span> <span class='ocrx_word' id='word_1_231' title='bbox 976 2467 1124 2517; x_wconf 88' lang='lat' dir='ltr'><strong>adest,</strong></span> <span class='ocrx_word' id='word_1_232' title='bbox 1159 2468 1237 2520; x_wconf 92' lang='lat' dir='ltr'><strong>qui</strong></span> <span class='ocrx_word' id='word_1_233' title='bbox 1276 2472 1462 2508; x_wconf 91' lang='lat' dir='ltr'><strong>strenue</strong></span> <span class='ocrx_word' id='word_1_234' title='bbox 1497 2479 1637 2519; x_wconf 80' lang='lat' dir='ltr'><strong>agens</strong></span> 
     </span>
     <span class='ocr_line' id='line_1_40' title="bbox 382 2532 1636 2586; baseline 0 -14"><span class='ocrx_word' id='word_1_235' title='bbox 382 2532 616 2586; x_wconf 91' lang='lat' dir='ltr'><strong>hucusque</strong></span> <span class='ocrx_word' id='word_1_236' title='bbox 667 2538 963 2586; x_wconf 90' lang='lat' dir='ltr'><strong>prosperatus</strong></span> <span class='ocrx_word' id='word_1_237' title='bbox 1004 2538 1087 2582; x_wconf 91' lang='lat' dir='ltr'><strong>est,</strong></span> <span class='ocrx_word' id='word_1_238' title='bbox 1128 2537 1173 2573; x_wconf 88' lang='lat' dir='ltr'><strong>et</strong></span> <span class='ocrx_word' id='word_1_239' title='bbox 1223 2545 1305 2573; x_wconf 88' lang='lat' dir='ltr'><strong>nos</strong></span> <span class='ocrx_word' id='word_1_240' title='bbox 1357 2532 1464 2573; x_wconf 90' lang='lat' dir='ltr'><strong>licet</strong></span> <span class='ocrx_word' id='word_1_241' title='bbox 1505 2532 1636 2573; x_wconf 90' lang='lat' dir='ltr'><strong>multi</strong></span> 
     </span>
    </p>
   </div>
   <div class='ocr_carea' id='block_1_8' title="bbox 425 2679 956 2766">
    <p class='ocr_par' dir='ltr' id='par_1_8' title="bbox 425 2679 956 2766">
     <span class='ocr_line' id='line_1_41' title="bbox 427 2679 956 2721; baseline 0 -9"><span class='ocrx_word' id='word_1_242' title='bbox 427 2679 435 2698; x_wconf 94' lang='lat'>¹</span> <span class='ocrx_word' id='word_1_243' title='bbox 460 2682 625 2721; x_wconf 85' lang='lat' dir='ltr'><strong>Supplied</strong></span> <span class='ocrx_word' id='word_1_244' title='bbox 642 2682 723 2713; x_wconf 80' lang='lat' dir='ltr'><strong>from</strong></span> <span class='ocrx_word' id='word_1_245' title='bbox 742 2682 815 2714; x_wconf 92' lang='lat' dir='ltr'><strong>MS.</strong></span> <span class='ocrx_word' id='word_1_246' title='bbox 836 2682 956 2713; x_wconf 85' lang='lat' dir='ltr'><strong>Lansd.</strong></span> 
     </span>
     <span class='ocr_line' id='line_1_42' title="bbox 425 2725 917 2766; baseline 0 -8"><span class='ocrx_word' id='word_1_247' title='bbox 425 2725 437 2741; x_wconf 79' lang='lat'>²</span> <span class='ocrx_word' id='word_1_248' title='bbox 461 2727 470 2743; x_wconf 86' lang='lat'>‘</span> <span class='ocrx_word' id='word_1_249' title='bbox 482 2725 680 2766; x_wconf 76' lang='lat' dir='ltr'><strong>pervalida‚&#39;</strong></span> <span class='ocrx_word' id='word_1_250' title='bbox 700 2728 774 2760; x_wconf 89' lang='lat' dir='ltr'><strong>MS.</strong></span> <span class='ocrx_word' id='word_1_251' title='bbox 795 2728 917 2759; x_wconf 80' lang='lat' dir='ltr'><strong>Lansd.</strong></span> 
     </span>
    </p>
   </div>
   <div class='ocr_carea' id='block_1_9' title="bbox 1027 2678 1635 2758">
    <p class='ocr_par' dir='ltr' id='par_1_9' title="bbox 1027 2678 1635 2758">
     <span class='ocr_line' id='line_1_43' title="bbox 1073 2678 1635 2720; baseline 0 -8"><span class='ocrx_word' id='word_1_252' title='bbox 1073 2681 1085 2699; x_wconf 87' lang='lat'><strong>³</strong></span> <span class='ocrx_word' id='word_1_253' title='bbox 1109 2682 1118 2698; x_wconf 92' lang='lat'>‘</span> <span class='ocrx_word' id='word_1_254' title='bbox 1134 2685 1169 2712; x_wconf 84' lang='lat' dir='ltr'><strong>ut</strong></span> <span class='ocrx_word' id='word_1_255' title='bbox 1196 2682 1331 2720; x_wconf 81' lang='lat' dir='ltr'><strong>dicitur,</strong></span> <span class='ocrx_word' id='word_1_256' title='bbox 1352 2678 1534 2720; x_wconf 85' lang='lat' dir='ltr'><strong>quatinus,&#39;</strong></span> <span class='ocrx_word' id='word_1_257' title='bbox 1560 2681 1635 2712; x_wconf 88' lang='lat' dir='ltr'><strong>MS.</strong></span> 
     </span>
     <span class='ocr_line' id='line_1_44' title="bbox 1027 2727 1152 2758; baseline 0.008 -1"><span class='ocrx_word' id='word_1_258' title='bbox 1027 2727 1152 2758; x_wconf 81' lang='lat' dir='ltr'><strong>Lansd.</strong></span> 
     </span>
    </p>
   </div>
   <div class='ocr_carea' id='block_1_10' title="bbox 988 2678 995 2769">
    <p class='ocr_par' dir='ltr' id='par_1_10' title="bbox 988 2678 995 2769">
     <span class='ocr_line' id='line_1_45' title="bbox 988 2678 995 2769; baseline 0 0"><span class='ocrx_word' id='word_1_259' title='bbox 988 2678 995 2769; x_wconf 95' lang='lat' dir='ltr'><strong> </strong></span> 
     </span>
    </p>
   </div>
  </div>
 </body>
</html>
