1866 3186
208 353 340 385 Stephen.

190 388 224 412 A.
238 387 272 411 D.
288 385 361 411 1137.

174 483 218 508 He
230 485 341 508 returns

173 518 202 541 to
215 516 352 547 England,

172 550 227 574 and
241 556 306 581 sup-

173 589 281 613 presses
299 589 316 607 a

173 615 263 640 revolt
275 615 307 640 os
314 615 363 642 the

175 651 283 673 bai-ons.

174 1013 206 1038 A.
223 1012 256 1038 D.
273 1012 346 1037 1138.

176 1209 253 1241 King
265 1208 358 1234 David

175 1243 291 1268 invades

175 1276 375 1301 Northumber-

176 1309 254 1336 land.

181 2398 301 2429 stephan

180 2438 295 2462 ravages

182 2464 321 2490 Scotland.

394 225 453 267 58
895 236 1172 268 οΗιιοΝισοΝ

391 351 484 392 quo
504 339 613 395 jure
637 339 801 381 uxorio
827 352 1016 392 regnum
1046 339 1314 381 vendicabat
1336 337 1655 392 Anglicanum.

391 404 570 456 Quibus
602 405 828 447 concessis
851 409 898 446 et
925 405 1065 455 initis,
1087 418 1170 447 rex
1196 410 1302 447 ante
1334 405 1504 446 Natale
1526 404 1655 457 Ang-

390 470 498 512 liam
524 471 672 521 rediit,
693 475 739 512 et
761 484 842 524 per
862 474 1011 512 totum
1037 470 1083 512 N
1085 471 1207 512 atale
1229 471 1447 524 incipiens
1470 472 1528 512 ab
1556 471 1659 524 ipsa

390 537 548 590 vigilia
569 537 754 579 Natalis
774 536 961 579 Domini
982 536 1300 578 Bedefordiam
1319 536 1512 586 obsedit,
1532 541 1579 578 et
1601 536 1658 576 de

388 607 519 645 tanta
547 603 833 645 solemnitate
872 615 963 643 non
997 615 1179 652 curans,
1210 605 1222 623 ‘
1237 602 1350 643 imo'
1365 601 1378 623 ¹
1415 603 1656 656 parvipen-

390 669 518 719 dens,
536 670 594 710 ab
624 669 856 710 obsidione
871 681 963 710 non
975 669 1185 710 cessabat
1206 680 1443 721 quousque
1458 673 1657 709 castrum

390 734 682 786 redderetur3
714 735 1058 776 insurrexerant
1078 734 1196 775 enim
1223 739 1383 775 contra
1403 746 1506 775 eum
1527 733 1659 774 multi

391 806 631 854 magnates
651 805 802 842 terrae.

422 900 539 942 Scoti
558 899 710 941 devicti
737 905 831 941 sunt
856 898 974 954 apud
991 897 1197 947 Allerton,
1223 897 1375 940 scilicet
1398 896 1628 938 Standard.

451 997 625 1039 Eodem
641 1010 777 1047 anno,
797 997 954 1038 statim
969 1001 1073 1049 post
1087 995 1415 1037 dedicationem
1435 995 1528 1036 ‘vel
1549 995 1657 1037 aedi-

391 1061 687 1104 ficationem’2
706 1063 845 1104 castri
875 1061 1176 1112 Bedefordiae,
1206 1075 1291 1102 rex
1321 1058 1583 1114 Stephanus
1612 1061 1658 1102 in

392 1128 593 1170 Scotiam
629 1128 1003 1169 innumerabilem
1035 1127 1286 1168 exercitum
1317 1128 1450 1180 quasi
1475 1140 1656 1180 promo—

391 1195 472 1236 vit.
543 1194 696 1236 David
734 1207 931 1247 namque
971 1207 1053 1234 rex
1095 1193 1350 1242 Scotorum,
1389 1193 1469 1246 qui
1504 1206 1657 1235 sacra-

392 1265 595 1302 mentum
637 1261 807 1302 fecerat
845 1259 1122 1313 imperatrici
1160 1259 1264 1300 filiae
1302 1259 1422 1312 regis
1465 1258 1657 1300 Henrici

392 1327 449 1368 de
491 1326 801 1368 conservando
845 1326 932 1367 sibi
969 1338 1110 1378 regno
1152 1323 1352 1378 Angliae,
1397 1325 1530 1378 quasi
1571 1326 1657 1367 sub

391 1392 648 1434 velamento
690 1391 948 1433 sanctitatis
991 1391 1195 1446 ejusdem
1234 1404 1338 1432 cum
1380 1391 1657 1433 exercitibus

391 1458 487 1499 suis
528 1458 905 1500 Northumbriam
944 1457 1175 1510 ingressus
1214 1461 1300 1507 est,
1341 1457 1658 1498 execrabiliter

393 1537 535 1578 agens
560 1524 608 1564 in
634 1524 842 1566 omnibus
872 1523 958 1565 viis
987 1523 1108 1574 suis3
1139 1536 1231 1564 non
1262 1523 1380 1563 enim
1407 1524 1658 1576 parcebant

393 1591 466 1631 sui
496 1589 629 1631 sexui
651 1589 724 1631 vel
755 1589 895 1639 aetati,
926 1589 1175 1642 quinetiam
1203 1587 1413 1630 mulieres
1441 1589 1656 1642 gravidas

394 1655 650 1706 funderent,
684 1660 731 1697 et
764 1667 932 1709 pueros
973 1668 1112 1708 super
1147 1655 1357 1696 acumina
1395 1655 1656 1696 lancearum

387 1721 645 1776 jactarent3
686 1722 989 1763 sacrosanctis
1023 1722 1159 1763 etiam
1194 1721 1396 1762 ecclesiis
1430 1734 1520 1762 non
1556 1734 1659 1775 par-

394 1792 564 1838 centes,
603 1789 892 1842 presbyteros
934 1800 1071 1841 super
1110 1787 1275 1828 altaria
1312 1787 1658 1838 detruncabant,

394 1854 714 1895 crucifixorum
745 1854 900 1907 capita
922 1853 1125 1894 abscissa
1147 1866 1284 1906 super
1303 1866 1494 1906 corpora
1514 1866 1655 1895 caeso-

393 1932 494 1960 rum
526 1920 770 1973 ponebant,
791 1923 837 1960 et
865 1923 1146 1960 mortuorum
1177 1919 1330 1972 capita
1361 1922 1373 1940 ‘
1388 1918 1656 1961 mutantes’⁵

393 1998 530 2039 super
575 1985 796 2026 crucifixa
834 1986 1126 2038 reponebant.
1213 1984 1509 2039 Quaecunque
1548 1999 1657 2027 vero

393 2052 681 2104 attingebant
719 2050 842 2092 Scoti
875 2051 1013 2104 plena
1051 2050 1250 2092 horroris
1286 2051 1466 2093 fuerant
1498 2056 1543 2093 et
1573 2052 1656 2092 im-

395 2117 656 2169 manitatis3
700 2116 859 2158 aderat
895 2117 1013 2158 enim
1056 2117 1228 2158 clamor
1264 2117 1518 2167 mulierum,
1559 2117 1656 2172 eju-

394 2182 516 2224 latus
552 2195 727 2233 senum,
761 2183 1048 2224 morientium
1082 2184 1294 2236 gemitus,
1315 2188 1375 2224 et
1405 2184 1656 2225 viventium

395 2249 667 2302 desperatio.
738 2248 828 2290 Sed
867 2248 1023 2290 audito
1056 2249 1255 2291 adventu
1287 2250 1407 2302 regis
1439 2249 1656 2303 Stephani

396 2319 688 2356 retraxerunt
718 2327 782 2364 se,
812 2327 866 2355 eo
897 2315 1018 2368 quod
1052 2328 1143 2356 non
1177 2319 1287 2356 sunt
1316 2315 1417 2356 ausi
1448 2315 1657 2357 resistere

396 2381 575 2435 spiritui
604 2373 769 2422 furoris
788 2381 903 2435 ejus.
973 2380 1236 2422 Adveniens
1265 2381 1420 2434 itaque
1443 2394 1526 2422 rex
1555 2381 1656 2423 Ste-

398 2447 575 2500 phanus
614 2447 862 2488 combussit
891 2459 994 2488 cum
1033 2448 1205 2501 impetu
1241 2447 1464 2488 australes
1505 2452 1657 2500 partes

397 2514 556 2566 ‘regis,
591 2526 682 2554 non
719 2513 916 2554 audente
956 2513 1109 2555 David
1145 2526 1247 2554 cum
1290 2527 1344 2555 eo
1392 2511 1660 2566 congredi.'⁴

446 2625 452 2644 ¹
479 2627 599 2658 ‘immo
616 2628 738 2667 quasi,’
753 2628 826 2660 MS.
838 2628 962 2661 Lansd.
1088 2628 1100 2646 ⁴
1124 2629 1234 2668 ‘regis
1268 2628 1380 2659 David
1409 2629 1482 2667 ipso
1507 2638 1571 2659 non
1596 2639 1655 2660 au-

445 2672 456 2690 ²
480 2674 629 2704 Omitted
646 2675 680 2705 iu
696 2675 770 2707 MS.
785 2675 909 2706 Lansd.
1042 2674 1140 2705 dente
1167 2685 1243 2705 cum
1279 2674 1337 2705 illo
1366 2674 1546 2714 congredi‚'
1579 2675 1654 2707 MS.

446 2719 458 2737 ³
481 2720 629 2751 Omitted
646 2721 679 2750 in
697 2721 769 2752 MS.
787 2721 874 2753 Coll.
890 2721 984 2752 Arm.
1045 2720 1168 2752 Lansd.
