1866 3186
481 254 706 284 WAL'rmu
739 254 800 284 nn
833 255 1207 286 HEMlNeBUReH.
1374 245 1459 286 271

197 371 339 412 equos
361 359 433 400 vel
454 365 653 402 carettas
677 361 873 416 alicujus
903 374 986 415 pro
1007 361 1209 414 cariagio
1238 360 1459 411 faciendo,
1496 370 1663 429 {⁰32ssss

197 425 283 466 nisi
303 424 464 466 reddat
485 425 801 468 liberationem
825 428 1079 481 antiquitus
1111 431 1350 476 statutam,
1372 428 1458 468 sci·
1477 421 1584 491 3143„ss
1659 422 1665 428 ’

196 490 303 532 licet
325 504 408 544 pro
429 495 441 513 ‘
460 493 648 534 caretta'
664 492 676 514 ¹
699 494 757 534 ad
781 494 896 534 duos
912 506 1055 547 equos
1071 492 1228 534 decem
1250 492 1460 535 denarios
1477 493 1591 518 cnam.

197 569 279 610 per
299 556 434 607 diem,
457 563 503 599 et
526 572 608 612 pro
630 564 806 601 caretta
829 559 887 600 ad
907 564 1000 601 tres
1024 571 1167 613 equos
1182 559 1459 612 quatuorde-

156 622 180 658 5
198 623 286 663 cim
306 623 516 665 denarios
539 638 621 678 per
649 625 784 666 diem.
855 625 1001 666 Nulla
1032 629 1206 666 caretta
1232 624 1459 666 dominica

199 688 393 743 alicujus
414 690 735 733 ecclesiasticae
756 703 979 744 personae,
994 691 1068 732 vel
1088 690 1262 740 militis,
1277 690 1351 731 vel
1372 690 1457 731 ali-

197 755 330 809 cujus
350 755 561 806 dominae,
581 757 790 810 capiatur
810 769 892 810 per
912 756 1104 797 ballivos
1126 759 1139 777 ‘
1154 755 1428 809 praedictos!
1442 755 1458 777 ¹²

141 860 144 865 .
200 820 300 861 Nec
338 834 437 871 nos,
476 835 559 863 nec
591 822 749 864 ballivi
785 822 945 872 nostri,
978 835 1062 863 nec
1096 821 1187 871 alii,
1225 821 1457 874 capiemus

197 886 396 928 alienum
435 888 622 930 boscum
662 888 719 929 ad
763 892 916 930 castra
956 888 1031 929 vel
1074 891 1086 909 ‘
1106 886 1240 928 alia'³
1279 888 1458 940 agenda

131 963 180 1000 10
199 957 370 1003 nostra,
391 954 478 994 nisi
498 967 580 1008 per
593 954 878 996 voluntatem
898 954 1020 994 illius
1041 953 1173 1007 cujus
1193 954 1359 994 boscus
1381 953 1457 995 ille

198 1018 348 1061 fuerit.
413 1019 513 1061 Nos
546 1033 636 1061 non
662 1021 915 1062 tenebimus
945 1025 1092 1061 terras
1122 1018 1350 1060 ‘eorum'4
1379 1020 1458 1072 qui

198 1085 398 1126 convicti
426 1085 596 1127 fuerint
621 1086 677 1127 de
703 1086 870 1127 felonia
899 1086 986 1126 nisi
1012 1098 1093 1139 per
1120 1098 1259 1126 unum
1287 1098 1456 1126 annum

198 1156 244 1191 et
264 1164 404 1192 unum
421 1151 556 1202 diem,
577 1158 624 1193 et
642 1157 753 1193 tunc
770 1152 1019 1194 reddantur
1039 1155 1051 1173 ‘
1066 1150 1212 1193 terrae'
1225 1149 1242 1173 ⁵
1263 1150 1458 1192 dominis

197 1216 448 1260 feodorum.
520 1218 692 1260 Omnes
721 1217 879 1259 kidelli
908 1218 964 1259 de
984 1222 1150 1259 caetero
1171 1217 1459 1271 deponantur

132 1293 179 1330 15
197 1282 378 1335 penitus
410 1296 491 1336 per
526 1283 778 1325 Tamisiam
810 1288 858 1325 et
888 1278 1264 1325 ‘Medeweiam’6
1294 1288 1340 1325 et
1376 1296 1458 1337 per

196 1352 340 1389 totam
362 1347 578 1402 Angliam
602 1350 688 1391 nisi
719 1363 801 1403 per
829 1354 1055 1391 eosteram
1086 1350 1237 1390 maris.
1307 1350 1457 1391 Breve

196 1414 318 1467 quod
343 1419 533 1456 vocatur
562 1415 769 1470 Praecipe
798 1416 855 1456 de
887 1421 1055 1457 caetero
1090 1428 1183 1456 non
1214 1415 1295 1456 fiat
1319 1415 1457 1456 alicui

198 1480 254 1520 de
290 1480 444 1534 aliquo
472 1475 800 1523 ‘tenemento'⁷
832 1481 952 1523 unde
984 1482 1100 1523 liber
1130 1481 1267 1522 homo
1296 1481 1457 1535 perdat

198 1546 371 1587 curiam
397 1559 544 1590 suam.
616 1547 723 1589 Una
745 1560 959 1589 mensura
982 1548 1076 1588 vini
1104 1548 1165 1589 sit
1198 1560 1280 1601 per
1306 1552 1455 1589 totum

127 1626 179 1662 20
199 1624 387 1664 regnum
409 1617 630 1662 nostrum,
652 1619 698 1654 et
720 1626 812 1654 una
831 1626 1045 1654 mensura
1056 1613 1278 1662 cervisiae,
1296 1617 1343 1654 et
1363 1626 1457 1654 una

197 1690 411 1719 mensura
434 1678 572 1729 bladi,
599 1679 774 1720 scilicet
803 1679 1084 1732 quarterium
1112 1678 1454 1726 Londoniense;

197 1749 242 1785 et
273 1757 364 1786 una
393 1744 586 1786 latitudo
616 1758 871 1798 pannorum
903 1745 1165 1794 tinctorum,
1199 1748 1212 1766 ‘
1232 1742 1322 1785 et'⁸
1354 1757 1455 1785 rus-

196 1814 434 1860 settorum,
463 1816 509 1853 et
540 1810 961 1864 haubergettorum,
991 1810 1166 1851 scilicet
1198 1809 1301 1851 duae
1334 1810 1456 1851 ulnae

195 1875 314 1917 infra
332 1876 464 1918 listas
482 1890 492 1918 :
525 1877 582 1918 de
601 1877 878 1930 ponderibus
898 1889 1008 1918 vero
1029 1876 1090 1918 sit
1111 1880 1123 1898 ‘
1136 1875 1202 1918 ut’
1216 1874 1234 1902 9
1254 1876 1310 1918 de
1332 1890 1456 1918 men-

127 1955 177 1992 25
196 1941 328 1984 suris.
389 1942 518 1984 Nihil
543 1943 676 1985 detur
710 1943 766 1985 de
797 1947 964 1985 caetero
989 1955 1072 1996 pro
1107 1942 1236 1983 brevi
1260 1942 1455 1996 inquisi-

196 2008 334 2049 tionis
366 2009 424 2049 ab
455 2021 509 2050 eo
537 2009 616 2063 qui
646 2009 986 2063 inquisitionem
1013 2009 1130 2062 petit
1161 2008 1217 2050 de
1249 2008 1347 2050 vita
1381 2008 1454 2049 vel

196 2077 209 2095 ‘
224 2073 508 2124 membris,'¹⁰
533 2075 612 2115 sed
637 2076 781 2128 gratis
805 2075 1082 2116 concedatur
1111 2079 1158 2116 et
1191 2087 1282 2116 non
1315 2087 1454 2127 nege-

194 2143 283 2180 tur.
355 2139 403 2180 Si
431 2140 624 2193 ‘aliquis
659 2139 869 2182 teneat'll
901 2140 957 2181 de
989 2141 1118 2181 nobis
1148 2153 1230 2193 per
1258 2139 1455 2181 feodifir-

194 2217 315 2245 mam
334 2205 408 2246 vel
432 2208 445 2227 ‘
462 2204 780 2258 soccagium’12
804 2205 876 2246 vel
899 2203 1062 2259 ‘per’¹³
1096 2206 1387 2258 burgagium,
1409 2210 1455 2246 et

123 2287 174 2324 30
193 2270 250 2311 de
279 2270 369 2312 alio
399 2276 566 2312 terram
598 2270 841 2313 ‘teneat'¹⁴
870 2284 952 2325 per
976 2271 1210 2312 servitium
1241 2270 1454 2320 militare,

332 2458 341 2478 ¹
367 2461 376 2478 ‘
390 2470 458 2492 una
473 2461 623 2492 carettal
968 2458 980 2477 ⁸
1003 2459 1164 2491 Omitted.

334 2503 348 2523 ²
368 2507 379 2524 ‘
389 2504 544 2538 nostros.'
968 2504 982 2525 ⁹
1004 2506 1013 2523 ‘
1027 2505 1139 2537 sicut!

332 2551 345 2570 ³
367 2553 378 2571 ⁴
391 2553 435 2584 ad
450 2549 540 2585 alia.’
959 2550 985 2570 ¹⁰
1008 2553 1017 2569 ‘
1031 2553 1073 2583 de
1090 2551 1270 2583 membris!

329 2597 341 2615 ⁴
363 2599 373 2616 ‘
386 2598 542 2631 illorum!
961 2595 982 2615 ¹¹
1007 2598 1134 2636 ‘aliqui
1152 2594 1310 2628 teneant.‘

331 2643 345 2662 ⁶
367 2645 376 2662 ‘
390 2648 490 2676 terrae
507 2644 602 2675 illael
961 2641 985 2660 ¹²
1007 2644 1088 2683 ‘per
1104 2643 1302 2683 socagium.'

330 2689 343 2707 ⁶
365 2692 375 2709 ‘
390 2690 649 2729 Medeweyam.’
960 2687 984 2708 ¹³
1009 2689 1172 2721 Omitted.

332 2737 345 2756 ⁷
369 2737 498 2768 ‘libero
515 2736 727 2768 tenemento)
965 2733 990 2752 ¹⁴
1014 2736 1024 2753 ‘
1036 2734 1192 2767 teneant!
