1866 3186
478 248 705 279 WALTEM
741 249 801 279 DE
833 249 1210 281 HEMINGBURGH.
1415 243 1471 284 '71

204 349 362 390 rabilis
396 355 529 404 pater
557 351 835 395 Thurstinus
869 352 1113 407 amplexus
1147 357 1233 403 est,
1255 357 1268 376 ‘
1282 367 1361 396 eos
1385 367 1466 408 pa—
1507 367 1666 426 2²²3th

205 418 332 456 terne
352 417 606 470 suscipiens
622 422 668 459 et
683 423 903 460 maternae
926 419 1115 473 pietatis
1130 419 1234 460 sinu
1250 419 1465 462 fovens.’¹
1514 432 1626 459 —114⁷.

202 478 411 522 Tandem
431 493 541 524 vero
566 483 614 523 in
639 483 742 525 loco
774 497 958 538 pascuae
990 484 1070 538 qui
1093 484 1263 526 Fontes
1283 485 1465 537 dicitur,

200 545 446 589 collocavit
466 561 572 596 eos;
611 550 688 590 ubi
708 562 769 591 ex
803 554 913 591 tunc
934 554 980 591 et
1003 549 1221 605 deinceps
1244 555 1465 606 tanquam

199 610 255 652 de
290 611 495 655 fontibus
537 614 783 657 salvatoris
828 615 962 657 multi
995 615 1247 658 hauserunt
1278 621 1465 671 “aquas

198 677 415 720 salientes
438 679 485 720 in
510 680 654 723 vitam
685 679 981 722 aeternam.'’²
1051 680 1357 735 Fundataque
1377 682 1466 724 fuit

199 742 362 785 domus
394 745 553 786 eadem
582 746 630 787 in
668 759 788 787 anno
823 745 1014 787 Domini
1043 756 1301 788 M.cxxxn.
1327 746 1464 788 ‘vl.’³

195 807 417 851 kalendas
444 810 475 852 J
479 812 674 862 anuarii,
704 815 751 853 et
783 823 903 852 anno
936 824 965 852 a
999 810 1270 853 fundatione
1291 811 1464 854 Cister-

195 874 358 916 ciensis
379 887 564 918 xxxiv.

583 985 800 1027 Fwndatio
829 985 1059 1040 Ryevallis.

256 1083 376 1125 Sane
406 1084 545 1137 paulo
573 1090 679 1126 ante
707 1098 735 1126 a
762 1085 904 1126 nobili
930 1084 1030 1127 viro
1055 1084 1264 1127 Waltero
1286 1083 1462 1137 Espek⁴
1477 1093 1614 1125 Abbeyor

1478 1127 1601 1153 Rivaulx

188 1149 379 1191 fundata
398 1150 484 1191 fuit
503 1150 665 1191 domus
685 1150 937 1204 Ryevallis,
957 1150 1266 1192 consentiente
1287 1149 1458 1191 Thurs-
1475 1160 1598 1219 2133th?
1591 1161 1653 1219 Eg>-

188 1215 283 1256 tino
326 1215 670 1270 archiepiscopo
713 1221 759 1258 et
801 1229 1037 1258 assensum
1083 1217 1331 1270 praebente,
1380 1217 1458 1257 ubi
1474 1233 1534 1258 pec·

188 1281 397 1322 monachi
428 1281 810 1333 Clarevallemes,
847 1282 991 1323 felicis
1022 1282 1254 1323 memoriae
1291 1282 1457 1324 abbate

188 1347 424 1388 Bernardo
464 1347 638 1398 directi,
659 1348 982 1402 sempiternam
1016 1350 1293 1401 acceperunt
1326 1360 1457 1389 man·

184 1413 371 1455 sionem.
443 1413 624 1455 Horum
648 1427 759 1468 ergo
787 1413 998 1468 exemplo
1017 1413 1230 1455 monachi
1247 1412 1315 1455 illi
1335 1413 1457 1455 Ebo-

185 1492 286 1519 rum
312 1478 489 1521 incitati
518 1484 656 1533 atque
686 1480 746 1522 ad
766 1484 779 1502 ‘
796 1477 971 1522 fortia’⁵
997 1480 1201 1530 animati,
1218 1480 1459 1521 memorati

183 1545 363 1587 abbatis
404 1546 667 1599 magisterio
710 1559 760 1588 se
801 1546 1110 1598 tradiderunt3
1163 1550 1210 1588 et
1252 1545 1456 1587 distincti

183 1611 295 1652 locis
335 1624 428 1653 non
469 1611 648 1663 animis,
686 1612 749 1654 hii
790 1616 837 1654 et
873 1612 939 1655 illi
980 1616 1154 1654 arctam
1187 1612 1310 1654 viam
1350 1623 1455 1664 quae

184 1677 310 1718 ducit
339 1677 396 1718 ad
423 1677 565 1720 vitam
595 1678 782 1732 paribus
810 1678 931 1720 votis
961 1683 1007 1720 et
1036 1677 1198 1719 studiis
1228 1677 1455 1719 servando

181 1748 490 1787 cucurrerunt.

540 1851 757 1894 Fwndatio
779 1851 908 1894 Bella:
928 1850 1100 1894 Landae.

247 1950 421 1992 Eodem
437 1955 641 2005 tempore
662 1950 848 2005 quidam
869 1949 1217 1992 Saviniacenses
1238 1948 1450 1991 monachi
1468 1960 1590 2019 {³5¹⁸3dd
1602 1995 1619 2020 b

182 2016 569 2059 Bellam-landam
603 2017 920 2066 condiderunt,
955 2015 1096 2058 nobili
1126 2015 1224 2056 viro
1262 2015 1449 2069 Rogero
1467 2001 1637 2085 {ggegedey

178 2082 235 2123 de
271 2082 516 2137 Moubray,
548 2084 627 2137 qui
658 2088 703 2125 et
732 2083 1107 2135 Neubergensem
1138 2081 1348 2122 fundavit
1374 2094 1448 2123 ec·
1500 2067 1541 2085 ον
1561 2067 1619 2092 ‘ay'

178 2148 379 2198 clesiam,
415 2149 615 2190 donante
655 2149 806 2191 locum
848 2148 994 2202 primo
1030 2152 1225 2197 arctum,
1263 2146 1447 2188 demum

177 2214 443 2264 secundum,
471 2215 671 2265 tertium,
701 2219 748 2256 et
777 2219 1007 2268 quartum,
1039 2213 1118 2254 ubi
1149 2212 1255 2253 fixis
1285 2212 1450 2255 radici-

175 2280 259 2321 bus
280 2280 446 2322 ibidem
467 2293 612 2334 usque
635 2281 682 2321 in
706 2292 910 2334 praesens
933 2278 1203 2320 residerunt.

223 2405 231 2424 ¹
257 2408 335 2439 ‘eos
346 2411 495 2447 patemae
507 2411 541 2439 et
552 2412 710 2439 maternae
722 2408 792 2448 pie·
826 2416 920 2439 esses
951 2410 985 2437 to
1016 2405 1069 2437 his
1100 2407 1238 2436 estates.
1299 2402 1354 2434 On
1393 2402 1447 2434 his

175 2454 254 2485 tatis
266 2454 457 2493 suscipiens
468 2455 544 2485 sinu
561 2454 699 2494 fovens‚'
716 2454 790 2486 MS.
826 2452 928 2484 death
954 2453 1057 2483 Peter
1086 2451 1128 2481 de
1159 2448 1251 2481 Roos
1283 2448 1446 2489 acquired

176 2500 263 2532 Con.
280 2499 375 2532 Arm.
825 2499 880 2530 the
891 2507 1006 2529 manor
1016 2497 1054 2528 of
1060 2495 1231 2528 Hamlake
1241 2495 1286 2535 by
1294 2495 1347 2527 his
1358 2504 1446 2526 mar-

222 2544 235 2562 ²
258 2546 308 2579 St.
324 2546 426 2585 John,
443 2545 488 2576 iv.
507 2547 560 2578 14.
825 2545 917 2584 riage
932 2544 1015 2575 with
1031 2542 1189 2582 Adeline,
1203 2542 1259 2574 the
1278 2544 1445 2582 youngest

221 2590 235 2609 ³
257 2592 267 2609 ‘
279 2591 377 2631 oct0,'
394 2592 468 2623 MS.
488 2591 612 2623 Lansd.
825 2591 934 2622 sister.

221 2637 234 2657 ⁴
271 2638 400 2670 Walter
431 2638 555 2678 Espec,
605 2637 693 2668 Lord
756 2638 793 2668 os

176 2684 383 2724 Helmesley,
399 2694 436 2715 or
452 2684 635 2723 Hamlake,
650 2683 729 2715 died
754 2684 786 2714 in
869 2682 882 2699 ⁶
906 2681 1067 2720 ‘serotia,’
1100 2680 1199 2713 MSS.
1228 2680 1314 2713 Con.
1347 2679 1442 2712 Arm.

177 2733 272 2772 1153,
292 2731 424 2771 leaving
440 2731 492 2762 his
509 2731 624 2763 sisters
641 2730 784 2762 co-heir-
823 2729 890 2761 and
907 2728 995 2761 cott.
1008 2728 1084 2759 Tib.
