<?xml version="1.0" encoding="UTF-8"?>
<!DOCTYPE html PUBLIC "-//W3C//DTD XHTML 1.0 Transitional//EN"
    "http://www.w3.org/TR/xhtml1/DTD/xhtml1-transitional.dtd">
<html xmlns="http://www.w3.org/1999/xhtml" xml:lang="en" lang="en">
 <head>
  <title>
</title>
<meta http-equiv="Content-Type" content="text/html;charset=utf-8" />
  <meta name='ocr-system' content='tesseract 3.04.00' />
  <meta name='ocr-capabilities' content='ocr_page ocr_carea ocr_par ocr_line ocrx_word'/>
</head>
<body>
  <div class='ocr_page' id='page_1' title='image "./chronicondominiw01hemiuoft_0353.png"; bbox 0 0 1866 3186; ppageno 0'>
   <div class='ocr_carea' id='block_1_1' title="bbox 438 259 1425 301">
    <p class='ocr_par' dir='ltr' id='par_1_1' title="bbox 438 259 1425 301">
     <span class='ocr_line' id='line_1_1' title="bbox 438 259 1425 301; baseline 0 -1"><span class='ocrx_word' id='word_1_1' title='bbox 438 267 664 300; x_wconf 73' lang='lat' dir='ltr'><strong>WAL&#39;rEm</strong></span> <span class='ocrx_word' id='word_1_2' title='bbox 700 269 759 299; x_wconf 72' lang='grc' dir='ltr'><strong>ΠΒ</strong></span> <span class='ocrx_word' id='word_1_3' title='bbox 790 269 1165 301; x_wconf 79' lang='lat' dir='ltr'><strong>HEMINGBURGH.</strong></span> <span class='ocrx_word' id='word_1_4' title='bbox 1339 259 1425 300; x_wconf 84' lang='lat'><strong>331</strong></span> 
     </span>
    </p>
   </div>
   <div class='ocr_carea' id='block_1_2' title="bbox 162 372 1429 1805">
    <p class='ocr_par' dir='ltr' id='par_1_2' title="bbox 162 372 1429 1805">
     <span class='ocr_line' id='line_1_2' title="bbox 162 372 1422 426; baseline 0.002 -14"><span class='ocrx_word' id='word_1_5' title='bbox 162 372 394 426; x_wconf 76' lang='lat' dir='ltr'><strong>praedictis</strong></span> <span class='ocrx_word' id='word_1_6' title='bbox 411 372 596 426; x_wconf 84' lang='lat' dir='ltr'><strong>regibus</strong></span> <span class='ocrx_word' id='word_1_7' title='bbox 617 373 872 415; x_wconf 87' lang='lat' dir='ltr'><strong>sciscitaret</strong></span> <span class='ocrx_word' id='word_1_8' title='bbox 885 373 1140 415; x_wconf 85' lang='lat' dir='ltr'><strong>Edwardus</strong></span> <span class='ocrx_word' id='word_1_9' title='bbox 1153 373 1262 426; x_wconf 90' lang='lat' dir='ltr'><strong>quid</strong></span> <span class='ocrx_word' id='word_1_10' title='bbox 1278 373 1422 424; x_wconf 90' lang='lat' dir='ltr'><strong>fieret,</strong></span> 
     </span>
     <span class='ocr_line' id='line_1_3' title="bbox 163 438 1422 493; baseline 0.001 -14"><span class='ocrx_word' id='word_1_11' title='bbox 163 438 494 492; x_wconf 88' lang='lat' dir='ltr'><strong>responderunt</strong></span> <span class='ocrx_word' id='word_1_12' title='bbox 531 439 589 488; x_wconf 90' lang='lat' dir='ltr'><strong>ei,</strong></span> <span class='ocrx_word' id='word_1_13' title='bbox 630 439 895 493; x_wconf 86' lang='lat' dir='ltr'>“Princeps</span> <span class='ocrx_word' id='word_1_14' title='bbox 930 439 1132 481; x_wconf 86' lang='lat' dir='ltr'><strong>civitatis</strong></span> <span class='ocrx_word' id='word_1_15' title='bbox 1161 439 1294 480; x_wconf 93' lang='lat' dir='ltr'><strong>istius</strong></span> <span class='ocrx_word' id='word_1_16' title='bbox 1318 452 1422 480; x_wconf 87' lang='lat' dir='ltr'><strong>cum</strong></span> 
     </span>
     <span class='ocr_line' id='line_1_4' title="bbox 163 504 1423 558; baseline 0.002 -13"><span class='ocrx_word' id='word_1_17' title='bbox 163 504 404 558; x_wconf 88' lang='lat' dir='ltr'><strong>adjacente</strong></span> <span class='ocrx_word' id='word_1_18' title='bbox 436 505 671 558; x_wconf 84' lang='lat' dir='ltr'><strong>provincia</strong></span> <span class='ocrx_word' id='word_1_19' title='bbox 706 505 927 547; x_wconf 90' lang='lat' dir='ltr'><strong>tributum</strong></span> <span class='ocrx_word' id='word_1_20' title='bbox 962 505 1149 546; x_wconf 84' lang='lat' dir='ltr'><strong>reddere</strong></span> <span class='ocrx_word' id='word_1_21' title='bbox 1185 506 1423 547; x_wconf 88' lang='lat' dir='ltr'><strong>consuevit</strong></span> 
     </span>
     <span class='ocr_line' id='line_1_5' title="bbox 163 570 1422 625; baseline 0.001 -14"><span class='ocrx_word' id='word_1_22' title='bbox 163 570 263 622; x_wconf 84' lang='lat' dir='ltr'><strong>regi</strong></span> <span class='ocrx_word' id='word_1_23' title='bbox 285 570 452 611; x_wconf 87' lang='lat' dir='ltr'><strong>Siciliae</strong></span> <span class='ocrx_word' id='word_1_24' title='bbox 474 571 606 611; x_wconf 86' lang='lat' dir='ltr'><strong>annis</strong></span> <span class='ocrx_word' id='word_1_25' title='bbox 626 571 835 623; x_wconf 83' lang='lat' dir='ltr'><strong>singulis,</strong></span> <span class='ocrx_word' id='word_1_26' title='bbox 856 576 903 613; x_wconf 92' lang='lat' dir='ltr'><strong>et</strong></span> <span class='ocrx_word' id='word_1_27' title='bbox 923 571 1031 625; x_wconf 92' lang='lat' dir='ltr'><strong>quia</strong></span> <span class='ocrx_word' id='word_1_28' title='bbox 1050 570 1196 612; x_wconf 91' lang='lat' dir='ltr'><strong>multo</strong></span> <span class='ocrx_word' id='word_1_29' title='bbox 1218 575 1422 625; x_wconf 90' lang='lat' dir='ltr'><strong>tempore</strong></span> 
     </span>
     <span class='ocr_line' id='line_1_6' title="bbox 165 636 1422 691; baseline 0.002 -15"><span class='ocrx_word' id='word_1_30' title='bbox 165 648 248 689; x_wconf 90' lang='lat' dir='ltr'><strong>per</strong></span> <span class='ocrx_word' id='word_1_31' title='bbox 267 636 552 690; x_wconf 85' lang='lat' dir='ltr'><strong>septennium</strong></span> <span class='ocrx_word' id='word_1_32' title='bbox 573 642 619 677; x_wconf 91' lang='lat' dir='ltr'><strong>et</strong></span> <span class='ocrx_word' id='word_1_33' title='bbox 638 636 761 678; x_wconf 84' lang='lat' dir='ltr'><strong>ultra</strong></span> <span class='ocrx_word' id='word_1_34' title='bbox 776 636 876 691; x_wconf 89' lang='lat' dir='ltr'><strong>jam</strong></span> <span class='ocrx_word' id='word_1_35' title='bbox 896 637 943 678; x_wconf 92' lang='lat' dir='ltr'><strong>in</strong></span> <span class='ocrx_word' id='word_1_36' title='bbox 967 637 1195 678; x_wconf 89' lang='lat' dir='ltr'><strong>solutione</strong></span> <span class='ocrx_word' id='word_1_37' title='bbox 1208 637 1422 686; x_wconf 82' lang='lat' dir='ltr'><strong>cessavit,</strong></span> 
     </span>
     <span class='ocr_line' id='line_1_7' title="bbox 165 701 1423 756; baseline 0 -14"><span class='ocrx_word' id='word_1_38' title='bbox 165 701 335 744; x_wconf 86' lang='lat' dir='ltr'><strong>idcirco</strong></span> <span class='ocrx_word' id='word_1_39' title='bbox 362 702 668 756; x_wconf 89' lang='lat' dir='ltr'><strong>appetivimus</strong></span> <span class='ocrx_word' id='word_1_40' title='bbox 699 715 818 743; x_wconf 87' lang='lat' dir='ltr'><strong>eum.</strong></span> <span class='ocrx_word' id='word_1_41' title='bbox 889 702 999 756; x_wconf 93' lang='lat' dir='ltr'><strong>Ipse</strong></span> <span class='ocrx_word' id='word_1_42' title='bbox 1025 716 1135 744; x_wconf 89' lang='lat' dir='ltr'><strong>vero</strong></span> <span class='ocrx_word' id='word_1_43' title='bbox 1165 702 1313 743; x_wconf 90' lang='lat' dir='ltr'><strong>sciens</strong></span> <span class='ocrx_word' id='word_1_44' title='bbox 1340 702 1423 743; x_wconf 91' lang='lat' dir='ltr'><strong>tri-</strong></span> 
     </span>
     <span class='ocr_line' id='line_1_8' title="bbox 164 767 1423 823; baseline -0.001 -15"><span class='ocrx_word' id='word_1_45' title='bbox 164 768 327 809; x_wconf 92' lang='lat' dir='ltr'><strong>butum</strong></span> <span class='ocrx_word' id='word_1_46' title='bbox 341 768 468 823; x_wconf 87' lang='lat' dir='ltr'><strong>juste</strong></span> <span class='ocrx_word' id='word_1_47' title='bbox 491 767 645 809; x_wconf 88' lang='lat' dir='ltr'><strong>deberi</strong></span> <span class='ocrx_word' id='word_1_48' title='bbox 660 768 760 823; x_wconf 87' lang='lat' dir='ltr'><strong>jam</strong></span> <span class='ocrx_word' id='word_1_49' title='bbox 779 767 1000 810; x_wconf 86' lang='lat' dir='ltr'><strong>satisfecit</strong></span> <span class='ocrx_word' id='word_1_50' title='bbox 1021 769 1152 809; x_wconf 90' lang='lat' dir='ltr'><strong>nobis</strong></span> <span class='ocrx_word' id='word_1_51' title='bbox 1173 768 1232 809; x_wconf 89' lang='lat' dir='ltr'><strong>ad</strong></span> <span class='ocrx_word' id='word_1_52' title='bbox 1248 773 1423 817; x_wconf 89' lang='lat' dir='ltr'><strong>votum,</strong></span> 
     </span>
     <span class='ocr_line' id='line_1_9' title="bbox 164 833 1423 887; baseline -0.001 -13"><span class='ocrx_word' id='word_1_53' title='bbox 164 834 302 875; x_wconf 89' lang='lat' dir='ltr'><strong>etiam</strong></span> <span class='ocrx_word' id='word_1_54' title='bbox 330 847 413 887; x_wconf 87' lang='lat' dir='ltr'><strong>pro</strong></span> <span class='ocrx_word' id='word_1_55' title='bbox 439 838 645 887; x_wconf 90' lang='lat' dir='ltr'><strong>tempore</strong></span> <span class='ocrx_word' id='word_1_56' title='bbox 675 833 907 887; x_wconf 83' lang='lat' dir='ltr'><strong>praeterito</strong></span> <span class='ocrx_word' id='word_1_57' title='bbox 927 838 975 875; x_wconf 94' lang='lat' dir='ltr'><strong>et</strong></span> <span class='ocrx_word' id='word_1_58' title='bbox 997 833 1152 875; x_wconf 85' lang='lat' dir='ltr'><strong>futuro</strong></span> <span class='ocrx_word' id='word_1_59' title='bbox 1167 833 1210 875; x_wconf 90' lang='lat'><strong>:&#39;’</strong></span> <span class='ocrx_word' id='word_1_60' title='bbox 1252 837 1302 874; x_wconf 92' lang='lat' dir='ltr'><strong>at</strong></span> <span class='ocrx_word' id='word_1_61' title='bbox 1330 833 1423 883; x_wconf 92' lang='lat' dir='ltr'><strong>ille,</strong></span> 
     </span>
     <span class='ocr_line' id='line_1_10' title="bbox 164 898 1425 950; baseline -0.001 -10"><span class='ocrx_word' id='word_1_62' title='bbox 164 903 195 921; x_wconf 91' lang='lat'><strong>“</strong></span> <span class='ocrx_word' id='word_1_63' title='bbox 213 898 338 950; x_wconf 86' lang='lat' dir='ltr'><strong>Quid</strong></span> <span class='ocrx_word' id='word_1_64' title='bbox 364 904 450 948; x_wconf 86' lang='lat' dir='ltr'><strong>est,</strong></span> <span class='ocrx_word' id='word_1_65' title='bbox 474 898 646 940; x_wconf 92' lang='lat' dir='ltr'><strong>domini</strong></span> <span class='ocrx_word' id='word_1_66' title='bbox 667 898 937 949; x_wconf 88' lang='lat' dir='ltr'><strong>charissimi,</strong></span> <span class='ocrx_word' id='word_1_67' title='bbox 958 912 1109 941; x_wconf 91' lang='lat' dir='ltr'><strong>nonne</strong></span> <span class='ocrx_word' id='word_1_68' title='bbox 1132 899 1425 940; x_wconf 87' lang='lat' dir='ltr'><strong>convenimus</strong></span> 
     </span>
     <span class='ocr_line' id='line_1_11' title="bbox 165 965 1426 1018; baseline 0 -13"><span class='ocrx_word' id='word_1_69' title='bbox 165 965 255 1006; x_wconf 90' lang='lat' dir='ltr'><strong>huc</strong></span> <span class='ocrx_word' id='word_1_70' title='bbox 298 969 344 1006; x_wconf 94' lang='lat' dir='ltr'><strong>et</strong></span> <span class='ocrx_word' id='word_1_71' title='bbox 387 970 666 1006; x_wconf 84' lang='lat' dir='ltr'><strong>caracterem</strong></span> <span class='ocrx_word' id='word_1_72' title='bbox 701 965 889 1006; x_wconf 91' lang='lat' dir='ltr'><strong>Domini</strong></span> <span class='ocrx_word' id='word_1_73' title='bbox 923 965 1252 1018; x_wconf 88' lang='lat' dir='ltr'><strong>assumpsimus</strong></span> <span class='ocrx_word' id='word_1_74' title='bbox 1287 969 1340 1005; x_wconf 93' lang='lat' dir='ltr'><strong>ut</strong></span> <span class='ocrx_word' id='word_1_75' title='bbox 1378 965 1426 1005; x_wconf 93' lang='lat' dir='ltr'><strong>in</strong></span> 
     </span>
     <span class='ocr_line' id='line_1_12' title="bbox 166 1030 1427 1084; baseline 0 -13"><span class='ocrx_word' id='word_1_76' title='bbox 166 1031 373 1072; x_wconf 88' lang='lat' dir='ltr'><strong>inimicos</strong></span> <span class='ocrx_word' id='word_1_77' title='bbox 400 1031 548 1072; x_wconf 90' lang='lat' dir='ltr'><strong>crucis</strong></span> <span class='ocrx_word' id='word_1_78' title='bbox 575 1030 747 1072; x_wconf 86' lang='lat' dir='ltr'><strong>Christi</strong></span> <span class='ocrx_word' id='word_1_79' title='bbox 779 1030 1025 1084; x_wconf 87' lang='lat' dir='ltr'><strong>procedere</strong></span> <span class='ocrx_word' id='word_1_80' title='bbox 1056 1035 1102 1071; x_wconf 91' lang='lat' dir='ltr'><strong>et</strong></span> <span class='ocrx_word' id='word_1_81' title='bbox 1129 1043 1220 1072; x_wconf 91' lang='lat' dir='ltr'><strong>non</strong></span> <span class='ocrx_word' id='word_1_82' title='bbox 1240 1043 1427 1083; x_wconf 92' lang='lat' dir='ltr'><strong>compo-</strong></span> 
     </span>
     <span class='ocr_line' id='line_1_13' title="bbox 167 1095 1426 1146; baseline 0 -9"><span class='ocrx_word' id='word_1_83' title='bbox 167 1109 274 1138; x_wconf 92' lang='lat' dir='ltr'><strong>nere</strong></span> <span class='ocrx_word' id='word_1_84' title='bbox 293 1100 306 1118; x_wconf 88' lang='lat'>‘</span> <span class='ocrx_word' id='word_1_85' title='bbox 319 1096 586 1138; x_wconf 86' lang='lat' dir='ltr'><strong>deberemus</strong></span> <span class='ocrx_word' id='word_1_86' title='bbox 598 1095 635 1138; x_wconf 72' lang='lat'><strong>&#39;1¹</strong></span> <span class='ocrx_word' id='word_1_87' title='bbox 653 1096 773 1138; x_wconf 88' lang='lat' dir='ltr'><strong>absit</strong></span> <span class='ocrx_word' id='word_1_88' title='bbox 785 1109 814 1138; x_wconf 93' lang='lat' dir='ltr'><strong>a</strong></span> <span class='ocrx_word' id='word_1_89' title='bbox 829 1099 842 1118; x_wconf 95' lang='lat'>‘</span> <span class='ocrx_word' id='word_1_90' title='bbox 855 1096 986 1138; x_wconf 93' lang='lat' dir='ltr'><strong>nobis</strong></span> <span class='ocrx_word' id='word_1_91' title='bbox 1001 1095 1030 1118; x_wconf 80' lang='lat'><strong>&#39;²</strong></span> <span class='ocrx_word' id='word_1_92' title='bbox 1051 1096 1152 1146; x_wconf 90' lang='lat' dir='ltr'><strong>hoc,</strong></span> <span class='ocrx_word' id='word_1_93' title='bbox 1169 1109 1275 1137; x_wconf 89' lang='lat' dir='ltr'><strong>nam</strong></span> <span class='ocrx_word' id='word_1_94' title='bbox 1290 1095 1426 1137; x_wconf 94' lang='lat' dir='ltr'><strong>modo</strong></span> 
     </span>
     <span class='ocr_line' id='line_1_14' title="bbox 169 1162 1427 1216; baseline -0.001 -13"><span class='ocrx_word' id='word_1_95' title='bbox 169 1167 299 1215; x_wconf 89' lang='lat' dir='ltr'><strong>patet</strong></span> <span class='ocrx_word' id='word_1_96' title='bbox 313 1162 545 1212; x_wconf 84' lang='lat' dir='ltr'><strong>introitus,</strong></span> <span class='ocrx_word' id='word_1_97' title='bbox 560 1168 607 1203; x_wconf 90' lang='lat' dir='ltr'><strong>et</strong></span> <span class='ocrx_word' id='word_1_98' title='bbox 623 1166 746 1203; x_wconf 90' lang='lat' dir='ltr'><strong>terra</strong></span> <span class='ocrx_word' id='word_1_99' title='bbox 764 1162 895 1204; x_wconf 93' lang='lat' dir='ltr'><strong>nobis</strong></span> <span class='ocrx_word' id='word_1_100' title='bbox 911 1167 980 1203; x_wconf 89' lang='lat' dir='ltr'><strong>est</strong></span> <span class='ocrx_word' id='word_1_101' title='bbox 1000 1162 1141 1216; x_wconf 88' lang='lat' dir='ltr'><strong>plana</strong></span> <span class='ocrx_word' id='word_1_102' title='bbox 1159 1166 1206 1203; x_wconf 89' lang='lat' dir='ltr'><strong>et</strong></span> <span class='ocrx_word' id='word_1_103' title='bbox 1226 1162 1356 1212; x_wconf 91' lang='lat' dir='ltr'><strong>dura,</strong></span> <span class='ocrx_word' id='word_1_104' title='bbox 1374 1167 1427 1203; x_wconf 93' lang='lat' dir='ltr'><strong>ut</strong></span> 
     </span>
     <span class='ocr_line' id='line_1_15' title="bbox 167 1227 1425 1281; baseline 0 -13"><span class='ocrx_word' id='word_1_105' title='bbox 167 1228 395 1281; x_wconf 88' lang='lat' dir='ltr'><strong>possimus</strong></span> <span class='ocrx_word' id='word_1_106' title='bbox 427 1227 672 1281; x_wconf 87' lang='lat' dir='ltr'><strong>procedere</strong></span> <span class='ocrx_word' id='word_1_107' title='bbox 698 1240 844 1281; x_wconf 89' lang='lat' dir='ltr'><strong>usque</strong></span> <span class='ocrx_word' id='word_1_108' title='bbox 871 1227 929 1269; x_wconf 93' lang='lat' dir='ltr'><strong>ad</strong></span> <span class='ocrx_word' id='word_1_109' title='bbox 956 1232 1161 1269; x_wconf 90' lang='lat' dir='ltr'><strong>sanctam</strong></span> <span class='ocrx_word' id='word_1_110' title='bbox 1189 1228 1425 1269; x_wconf 84' lang='lat' dir='ltr'><strong>civitatem</strong></span> 
     </span>
     <span class='ocr_line' id='line_1_16' title="bbox 167 1292 1426 1344; baseline -0.001 -10"><span class='ocrx_word' id='word_1_111' title='bbox 167 1293 198 1334; x_wconf 82' lang='lat' dir='ltr'>J</span> <span class='ocrx_word' id='word_1_112' title='bbox 202 1293 472 1334; x_wconf 89' lang='lat' dir='ltr'><strong>erusalem.’&#39;</strong></span> <span class='ocrx_word' id='word_1_113' title='bbox 507 1292 573 1334; x_wconf 90' lang='lat' dir='ltr'><strong>At</strong></span> <span class='ocrx_word' id='word_1_114' title='bbox 584 1293 651 1334; x_wconf 92' lang='lat' dir='ltr'><strong>illi</strong></span> <span class='ocrx_word' id='word_1_115' title='bbox 663 1293 894 1344; x_wconf 89' lang='lat' dir='ltr'><strong>dixerunt,</strong></span> <span class='ocrx_word' id='word_1_116' title='bbox 910 1293 979 1335; x_wconf 89' lang='lat' dir='ltr'><strong>“J</strong></span> <span class='ocrx_word' id='word_1_117' title='bbox 983 1306 1057 1335; x_wconf 90' lang='lat' dir='ltr'><strong>am</strong></span> <span class='ocrx_word' id='word_1_118' title='bbox 1075 1306 1177 1335; x_wconf 93' lang='lat' dir='ltr'><strong>cum</strong></span> <span class='ocrx_word' id='word_1_119' title='bbox 1190 1293 1290 1334; x_wconf 90' lang='lat' dir='ltr'><strong>istis</strong></span> <span class='ocrx_word' id='word_1_120' title='bbox 1303 1306 1426 1334; x_wconf 89' lang='lat' dir='ltr'><strong>com-</strong></span> 
     </span>
     <span class='ocr_line' id='line_1_17' title="bbox 168 1359 1426 1412; baseline 0 -13"><span class='ocrx_word' id='word_1_121' title='bbox 168 1360 407 1412; x_wconf 89' lang='lat' dir='ltr'><strong>posuimus</strong></span> <span class='ocrx_word' id='word_1_122' title='bbox 427 1363 474 1400; x_wconf 92' lang='lat' dir='ltr'><strong>et</strong></span> <span class='ocrx_word' id='word_1_123' title='bbox 502 1365 688 1412; x_wconf 81' lang='lat' dir='ltr'><strong>pactum</strong></span> <span class='ocrx_word' id='word_1_124' title='bbox 712 1359 948 1412; x_wconf 74' lang='lat' dir='ltr'><strong>praeterire</strong></span> <span class='ocrx_word' id='word_1_125' title='bbox 977 1372 1068 1400; x_wconf 91' lang='lat' dir='ltr'><strong>non</strong></span> <span class='ocrx_word' id='word_1_126' title='bbox 1097 1359 1219 1407; x_wconf 89' lang='lat' dir='ltr'><strong>licet,</strong></span> <span class='ocrx_word' id='word_1_127' title='bbox 1243 1359 1324 1400; x_wconf 91' lang='lat' dir='ltr'><strong>sed</strong></span> <span class='ocrx_word' id='word_1_128' title='bbox 1355 1371 1426 1399; x_wconf 90' lang='lat' dir='ltr'><strong>re-</strong></span> 
     </span>
     <span class='ocr_line' id='line_1_18' title="bbox 168 1424 1424 1477; baseline -0.001 -12"><span class='ocrx_word' id='word_1_129' title='bbox 168 1429 403 1466; x_wconf 89' lang='lat' dir='ltr'><strong>vertamur</strong></span> <span class='ocrx_word' id='word_1_130' title='bbox 438 1425 485 1465; x_wconf 91' lang='lat' dir='ltr'><strong>in</strong></span> <span class='ocrx_word' id='word_1_131' title='bbox 520 1424 738 1474; x_wconf 90' lang='lat' dir='ltr'><strong>Siciliam,</strong></span> <span class='ocrx_word' id='word_1_132' title='bbox 765 1429 812 1465; x_wconf 95' lang='lat' dir='ltr'><strong>et</strong></span> <span class='ocrx_word' id='word_1_133' title='bbox 841 1429 1075 1466; x_wconf 86' lang='lat' dir='ltr'><strong>transacto</strong></span> <span class='ocrx_word' id='word_1_134' title='bbox 1108 1424 1269 1474; x_wconf 89' lang='lat' dir='ltr'><strong>hieme,</strong></span> <span class='ocrx_word' id='word_1_135' title='bbox 1304 1425 1424 1477; x_wconf 89' lang='lat' dir='ltr'><strong>apud</strong></span> 
     </span>
     <span class='ocr_line' id='line_1_19' title="bbox 168 1487 1429 1543; baseline 0 -13"><span class='ocrx_word' id='word_1_136' title='bbox 168 1489 337 1530; x_wconf 90' lang='lat' dir='ltr'><strong>Acram</strong></span> <span class='ocrx_word' id='word_1_137' title='bbox 359 1490 589 1543; x_wconf 87' lang='lat' dir='ltr'><strong>applicare</strong></span> <span class='ocrx_word' id='word_1_138' title='bbox 612 1490 911 1543; x_wconf 88' lang='lat' dir='ltr'><strong>poterimus.”</strong></span> <span class='ocrx_word' id='word_1_139' title='bbox 954 1490 1294 1543; x_wconf 90' lang='lat' dir='ltr'><strong>Displicuitque</strong></span> <span class='ocrx_word' id='word_1_140' title='bbox 1313 1493 1324 1511; x_wconf 93' lang='lat'>‘</span> <span class='ocrx_word' id='word_1_141' title='bbox 1340 1490 1382 1530; x_wconf 93' lang='lat' dir='ltr'><strong>ei</strong></span> <span class='ocrx_word' id='word_1_142' title='bbox 1399 1487 1429 1510; x_wconf 86' lang='lat'><strong>’³</strong></span> 
     </span>
     <span class='ocr_line' id='line_1_20' title="bbox 168 1555 1428 1608; baseline -0.001 -12"><span class='ocrx_word' id='word_1_143' title='bbox 168 1555 408 1596; x_wconf 88' lang='lat' dir='ltr'><strong>consilium</strong></span> <span class='ocrx_word' id='word_1_144' title='bbox 450 1555 552 1605; x_wconf 90' lang='lat' dir='ltr'><strong>hoc,</strong></span> <span class='ocrx_word' id='word_1_145' title='bbox 592 1567 676 1596; x_wconf 92' lang='lat' dir='ltr'><strong>nec</strong></span> <span class='ocrx_word' id='word_1_146' title='bbox 714 1555 803 1608; x_wconf 92' lang='lat' dir='ltr'><strong>ipsi</strong></span> <span class='ocrx_word' id='word_1_147' title='bbox 843 1556 1161 1608; x_wconf 89' lang='lat' dir='ltr'><strong>compositioni</strong></span> <span class='ocrx_word' id='word_1_148' title='bbox 1192 1568 1428 1596; x_wconf 88' lang='lat' dir='ltr'><strong>assensum</strong></span> 
     </span>
     <span class='ocr_line' id='line_1_21' title="bbox 168 1620 1429 1674; baseline 0 -13"><span class='ocrx_word' id='word_1_149' title='bbox 168 1621 383 1674; x_wconf 76' lang='lat' dir='ltr'><strong>praebuit,</strong></span> <span class='ocrx_word' id='word_1_150' title='bbox 425 1633 515 1662; x_wconf 90' lang='lat' dir='ltr'><strong>non</strong></span> <span class='ocrx_word' id='word_1_151' title='bbox 551 1620 832 1674; x_wconf 87' lang='lat' dir='ltr'><strong>participans</strong></span> <span class='ocrx_word' id='word_1_152' title='bbox 867 1621 1111 1673; x_wconf 90' lang='lat' dir='ltr'><strong>quicquam</strong></span> <span class='ocrx_word' id='word_1_153' title='bbox 1147 1621 1204 1662; x_wconf 92' lang='lat' dir='ltr'><strong>de</strong></span> <span class='ocrx_word' id='word_1_154' title='bbox 1234 1621 1429 1673; x_wconf 87' lang='lat' dir='ltr'><strong>pecunia</strong></span> 
     </span>
     <span class='ocr_line' id='line_1_22' title="bbox 169 1685 1427 1738; baseline -0.001 -11"><span class='ocrx_word' id='word_1_155' title='bbox 169 1686 407 1736; x_wconf 90' lang='lat' dir='ltr'><strong>scelerata,</strong></span> <span class='ocrx_word' id='word_1_156' title='bbox 423 1686 503 1727; x_wconf 90' lang='lat' dir='ltr'><strong>sed</strong></span> <span class='ocrx_word' id='word_1_157' title='bbox 523 1686 646 1727; x_wconf 82' lang='lat' dir='ltr'><strong>facto</strong></span> <span class='ocrx_word' id='word_1_158' title='bbox 667 1685 732 1727; x_wconf 93' lang='lat' dir='ltr'><strong>eis</strong></span> <span class='ocrx_word' id='word_1_159' title='bbox 749 1685 894 1738; x_wconf 84' lang='lat' dir='ltr'><strong>regali</strong></span> <span class='ocrx_word' id='word_1_160' title='bbox 915 1685 1126 1727; x_wconf 92' lang='lat' dir='ltr'><strong>convivio</strong></span> <span class='ocrx_word' id='word_1_161' title='bbox 1149 1685 1355 1726; x_wconf 91' lang='lat' dir='ltr'><strong>clausum</strong></span> <span class='ocrx_word' id='word_1_162' title='bbox 1377 1699 1427 1726; x_wconf 90' lang='lat' dir='ltr'><strong>se</strong></span> 
     </span>
     <span class='ocr_line' id='line_1_23' title="bbox 170 1749 1428 1805; baseline -0.002 -12"><span class='ocrx_word' id='word_1_163' title='bbox 170 1752 343 1794; x_wconf 86' lang='lat' dir='ltr'><strong>tenuit:</strong></span> <span class='ocrx_word' id='word_1_164' title='bbox 376 1749 756 1805; x_wconf 80' lang='lat' dir='ltr'><strong>‘permanentes’⁴</strong></span> <span class='ocrx_word' id='word_1_165' title='bbox 784 1751 942 1804; x_wconf 89' lang='lat' dir='ltr'><strong>itaque</strong></span> <span class='ocrx_word' id='word_1_166' title='bbox 973 1751 1022 1791; x_wconf 90' lang='lat' dir='ltr'><strong>in</strong></span> <span class='ocrx_word' id='word_1_167' title='bbox 1047 1751 1143 1792; x_wconf 88' lang='lat' dir='ltr'><strong>fixo</strong></span> <span class='ocrx_word' id='word_1_168' title='bbox 1174 1752 1428 1804; x_wconf 90' lang='lat' dir='ltr'><strong>proposito,</strong></span> 
     </span>
    </p>
   </div>
   <div class='ocr_carea' id='block_1_3' title="bbox 1456 384 1626 444">
    <p class='ocr_par' dir='ltr' id='par_1_3' title="bbox 1456 384 1626 444">
     <span class='ocr_line' id='line_1_24' title="bbox 1458 384 1626 417; baseline -0.012 -6"><span class='ocrx_word' id='word_1_169' title='bbox 1458 385 1557 417; x_wconf 80' lang='lat' dir='ltr'><strong>Henry</strong></span> <span class='ocrx_word' id='word_1_170' title='bbox 1569 384 1626 410; x_wconf 92' lang='lat'>111.</span> 
     </span>
     <span class='ocr_line' id='line_1_25' title="bbox 1456 417 1626 444; baseline -0.012 0"><span class='ocrx_word' id='word_1_171' title='bbox 1456 419 1489 444; x_wconf 80' lang='grc' dir='ltr'><strong>Α.</strong></span> <span class='ocrx_word' id='word_1_172' title='bbox 1501 419 1537 444; x_wconf 89' lang='lat' dir='ltr'><strong>D.</strong></span> <span class='ocrx_word' id='word_1_173' title='bbox 1552 417 1626 443; x_wconf 84' lang='lat'><strong>1270.</strong></span> 
     </span>
    </p>
   </div>
   <div class='ocr_carea' id='block_1_4' title="bbox 1437 454 1637 460">
    <p class='ocr_par' dir='ltr' id='par_1_4' title="bbox 1437 454 1637 460">
     <span class='ocr_line' id='line_1_26' title="bbox 1437 454 1637 460; baseline 0 0"><span class='ocrx_word' id='word_1_174' title='bbox 1437 454 1637 460; x_wconf 95' lang='lat' dir='ltr'><strong> </strong></span> 
     </span>
    </p>
   </div>
   <div class='ocr_carea' id='block_1_5' title="bbox 170 1817 1620 1869">
    <p class='ocr_par' dir='ltr' id='par_1_5' title="bbox 170 1817 1620 1869">
     <span class='ocr_line' id='line_1_27' title="bbox 170 1817 1620 1869; baseline -0.003 -11"><span class='ocrx_word' id='word_1_175' title='bbox 170 1817 368 1867; x_wconf 92' lang='lat' dir='ltr'><strong>demum,</strong></span> <span class='ocrx_word' id='word_1_176' title='bbox 399 1830 513 1858; x_wconf 87' lang='lat' dir='ltr'><strong>aura</strong></span> <span class='ocrx_word' id='word_1_177' title='bbox 541 1817 697 1867; x_wconf 84' lang='lat' dir='ltr'><strong>flante,</strong></span> <span class='ocrx_word' id='word_1_178' title='bbox 722 1817 1088 1858; x_wconf 89' lang='lat' dir='ltr'><strong>conscenderunt</strong></span> <span class='ocrx_word' id='word_1_179' title='bbox 1122 1829 1264 1858; x_wconf 88' lang='lat' dir='ltr'><strong>naves</strong></span> <span class='ocrx_word' id='word_1_180' title='bbox 1295 1829 1426 1869; x_wconf 88' lang='lat' dir='ltr'><strong>reges</strong></span> <span class='ocrx_word' id='word_1_181' title='bbox 1446 1830 1506 1856; x_wconf 69' lang='lat' dir='ltr'><strong>&#39;rue</strong></span> <span class='ocrx_word' id='word_1_182' title='bbox 1518 1831 1620 1856; x_wconf 68' lang='lat' dir='ltr'><strong>emsa.</strong></span> 
     </span>
    </p>
   </div>
   <div class='ocr_carea' id='block_1_6' title="bbox 1445 1864 1643 1890">
    <p class='ocr_par' dir='ltr' id='par_1_6' title="bbox 1445 1864 1643 1890">
     <span class='ocr_line' id='line_1_28' title="bbox 1445 1864 1643 1890; baseline 0.01 -2"><span class='ocrx_word' id='word_1_183' title='bbox 1445 1864 1509 1889; x_wconf 77' lang='lat' dir='ltr'><strong>ders</strong></span> <span class='ocrx_word' id='word_1_184' title='bbox 1527 1865 1643 1890; x_wconf 79' lang='lat' dir='ltr'><strong>embark</strong></span> 
     </span>
    </p>
   </div>
   <div class='ocr_carea' id='block_1_7' title="bbox 169 1882 1593 1936">
    <p class='ocr_par' dir='ltr' id='par_1_7' title="bbox 169 1882 1593 1936">
     <span class='ocr_line' id='line_1_29' title="bbox 169 1882 1593 1936; baseline 0 -12"><span class='ocrx_word' id='word_1_185' title='bbox 169 1883 388 1933; x_wconf 90' lang='lat' dir='ltr'><strong>universi,</strong></span> <span class='ocrx_word' id='word_1_186' title='bbox 417 1889 463 1924; x_wconf 90' lang='lat' dir='ltr'><strong>et</strong></span> <span class='ocrx_word' id='word_1_187' title='bbox 492 1887 811 1924; x_wconf 87' lang='lat' dir='ltr'><strong>remanserunt</strong></span> <span class='ocrx_word' id='word_1_188' title='bbox 836 1883 883 1923; x_wconf 91' lang='lat' dir='ltr'><strong>in</strong></span> <span class='ocrx_word' id='word_1_189' title='bbox 911 1882 1044 1924; x_wconf 89' lang='lat' dir='ltr'><strong>litore</strong></span> <span class='ocrx_word' id='word_1_190' title='bbox 1075 1882 1321 1936; x_wconf 90' lang='lat' dir='ltr'><strong>plusquam</strong></span> <span class='ocrx_word' id='word_1_191' title='bbox 1356 1893 1426 1924; x_wconf 88' lang='lat' dir='ltr'><strong>cc.</strong></span> <span class='ocrx_word' id='word_1_192' title='bbox 1444 1898 1488 1923; x_wconf 75' lang='lat' dir='ltr'><strong>for</strong></span> <span class='ocrx_word' id='word_1_193' title='bbox 1500 1897 1593 1930; x_wconf 81' lang='lat' dir='ltr'><strong>Sicily.</strong></span> 
     </span>
    </p>
   </div>
   <div class='ocr_carea' id='block_1_8' title="bbox 169 1948 1429 2525">
    <p class='ocr_par' dir='ltr' id='par_1_8' title="bbox 169 1948 1429 2525">
     <span class='ocr_line' id='line_1_30' title="bbox 169 1948 1428 2001; baseline -0.002 -11"><span class='ocrx_word' id='word_1_194' title='bbox 169 1949 271 1998; x_wconf 86' lang='lat' dir='ltr'><strong>viri,</strong></span> <span class='ocrx_word' id='word_1_195' title='bbox 313 1961 404 1990; x_wconf 90' lang='lat' dir='ltr'><strong>non</strong></span> <span class='ocrx_word' id='word_1_196' title='bbox 453 1948 672 1989; x_wconf 88' lang='lat' dir='ltr'><strong>habentes</strong></span> <span class='ocrx_word' id='word_1_197' title='bbox 722 1960 885 1989; x_wconf 87' lang='lat' dir='ltr'><strong>navem</strong></span> <span class='ocrx_word' id='word_1_198' title='bbox 925 1949 973 1989; x_wconf 91' lang='lat' dir='ltr'><strong>in</strong></span> <span class='ocrx_word' id='word_1_199' title='bbox 1013 1960 1105 2001; x_wconf 91' lang='lat' dir='ltr'><strong>qua</strong></span> <span class='ocrx_word' id='word_1_200' title='bbox 1138 1948 1428 1997; x_wconf 86' lang='lat' dir='ltr'><strong>veherentur,</strong></span> 
     </span>
     <span class='ocr_line' id='line_1_31' title="bbox 169 2013 1428 2068; baseline 0 -13"><span class='ocrx_word' id='word_1_201' title='bbox 169 2014 422 2056; x_wconf 86' lang='lat' dir='ltr'><strong>clamantes</strong></span> <span class='ocrx_word' id='word_1_202' title='bbox 455 2018 502 2056; x_wconf 90' lang='lat' dir='ltr'><strong>et</strong></span> <span class='ocrx_word' id='word_1_203' title='bbox 528 2013 755 2068; x_wconf 88' lang='lat' dir='ltr'><strong>ejulantes</strong></span> <span class='ocrx_word' id='word_1_204' title='bbox 784 2026 879 2067; x_wconf 86' lang='lat' dir='ltr'><strong>prae</strong></span> <span class='ocrx_word' id='word_1_205' title='bbox 908 2013 1071 2055; x_wconf 89' lang='lat' dir='ltr'><strong>timore</strong></span> <span class='ocrx_word' id='word_1_206' title='bbox 1098 2014 1259 2055; x_wconf 88' lang='lat' dir='ltr'><strong>mortis</strong></span> <span class='ocrx_word' id='word_1_207' title='bbox 1290 2026 1428 2067; x_wconf 86' lang='lat' dir='ltr'><strong>quam</strong></span> 
     </span>
     <span class='ocr_line' id='line_1_32' title="bbox 170 2076 1428 2132; baseline 0.001 -12"><span class='ocrx_word' id='word_1_208' title='bbox 170 2080 309 2120; x_wconf 92' lang='lat' dir='ltr'><strong>citam</strong></span> <span class='ocrx_word' id='word_1_209' title='bbox 331 2083 343 2101; x_wconf 94' lang='lat'>‘</span> <span class='ocrx_word' id='word_1_210' title='bbox 358 2084 590 2132; x_wconf 90' lang='lat' dir='ltr'><strong>oporteret</strong></span> <span class='ocrx_word' id='word_1_211' title='bbox 604 2076 640 2101; x_wconf 88' lang='lat'><strong>’⁵</strong></span> <span class='ocrx_word' id='word_1_212' title='bbox 663 2080 866 2132; x_wconf 89' lang='lat' dir='ltr'><strong>recipere</strong></span> <span class='ocrx_word' id='word_1_213' title='bbox 886 2079 925 2119; x_wconf 92' lang='lat' dir='ltr'><strong>si</strong></span> <span class='ocrx_word' id='word_1_214' title='bbox 939 2084 1254 2121; x_wconf 88' lang='lat' dir='ltr'><strong>remanerent:</strong></span> <span class='ocrx_word' id='word_1_215' title='bbox 1276 2085 1428 2121; x_wconf 89' lang='lat' dir='ltr'><strong>motus</strong></span> 
     </span>
     <span class='ocr_line' id='line_1_33' title="bbox 171 2144 1426 2197; baseline 0 -12"><span class='ocrx_word' id='word_1_216' title='bbox 171 2157 281 2197; x_wconf 88' lang='lat' dir='ltr'><strong>ergo</strong></span> <span class='ocrx_word' id='word_1_217' title='bbox 325 2144 579 2185; x_wconf 85' lang='lat' dir='ltr'><strong>Edwardus</strong></span> <span class='ocrx_word' id='word_1_218' title='bbox 617 2144 664 2184; x_wconf 91' lang='lat' dir='ltr'><strong>in</strong></span> <span class='ocrx_word' id='word_1_219' title='bbox 706 2144 951 2197; x_wconf 89' lang='lat' dir='ltr'><strong>lachrymis</strong></span> <span class='ocrx_word' id='word_1_220' title='bbox 990 2157 1163 2194; x_wconf 92' lang='lat' dir='ltr'><strong>eorum,</strong></span> <span class='ocrx_word' id='word_1_221' title='bbox 1195 2158 1299 2185; x_wconf 91' lang='lat' dir='ltr'><strong>cum</strong></span> <span class='ocrx_word' id='word_1_222' title='bbox 1334 2158 1426 2186; x_wconf 90' lang='lat' dir='ltr'><strong>non</strong></span> 
     </span>
     <span class='ocr_line' id='line_1_34' title="bbox 171 2209 1428 2262; baseline 0 -11"><span class='ocrx_word' id='word_1_223' title='bbox 171 2214 464 2251; x_wconf 87' lang='lat' dir='ltr'><strong>moverentur</strong></span> <span class='ocrx_word' id='word_1_224' title='bbox 498 2210 592 2259; x_wconf 88' lang='lat' dir='ltr'><strong>alii,</strong></span> <span class='ocrx_word' id='word_1_225' title='bbox 621 2214 789 2250; x_wconf 87' lang='lat' dir='ltr'><strong>terram</strong></span> <span class='ocrx_word' id='word_1_226' title='bbox 818 2222 921 2250; x_wconf 91' lang='lat' dir='ltr'><strong>cum</strong></span> <span class='ocrx_word' id='word_1_227' title='bbox 949 2209 1120 2262; x_wconf 88' lang='lat' dir='ltr'><strong>scapha</strong></span> <span class='ocrx_word' id='word_1_228' title='bbox 1155 2209 1282 2259; x_wconf 90' lang='lat' dir='ltr'><strong>adiit,</strong></span> <span class='ocrx_word' id='word_1_229' title='bbox 1305 2215 1352 2251; x_wconf 91' lang='lat' dir='ltr'><strong>et</strong></span> <span class='ocrx_word' id='word_1_230' title='bbox 1381 2211 1428 2251; x_wconf 90' lang='lat' dir='ltr'><strong>in</strong></span> 
     </span>
     <span class='ocr_line' id='line_1_35' title="bbox 171 2274 1427 2328; baseline 0 -13"><span class='ocrx_word' id='word_1_231' title='bbox 171 2288 311 2317; x_wconf 85' lang='lat' dir='ltr'><strong>naves</strong></span> <span class='ocrx_word' id='word_1_232' title='bbox 335 2288 444 2316; x_wconf 89' lang='lat' dir='ltr'><strong>suas</strong></span> <span class='ocrx_word' id='word_1_233' title='bbox 462 2275 668 2328; x_wconf 81' lang='lat' dir='ltr'><strong>singulas</strong></span> <span class='ocrx_word' id='word_1_234' title='bbox 688 2274 913 2327; x_wconf 87' lang='lat' dir='ltr'><strong>adaptans</strong></span> <span class='ocrx_word' id='word_1_235' title='bbox 936 2287 1014 2316; x_wconf 89' lang='lat' dir='ltr'><strong>eos</strong></span> <span class='ocrx_word' id='word_1_236' title='bbox 1037 2275 1256 2328; x_wconf 85' lang='lat' dir='ltr'><strong>praemisit</strong></span> <span class='ocrx_word' id='word_1_237' title='bbox 1272 2288 1427 2316; x_wconf 90' lang='lat' dir='ltr'><strong>omnes</strong></span> 
     </span>
     <span class='ocr_line' id='line_1_36' title="bbox 171 2340 1427 2391; baseline 0 -10"><span class='ocrx_word' id='word_1_238' title='bbox 171 2345 278 2381; x_wconf 89' lang='lat' dir='ltr'><strong>ante</strong></span> <span class='ocrx_word' id='word_1_239' title='bbox 302 2353 368 2391; x_wconf 93' lang='lat' dir='ltr'><strong>se,</strong></span> <span class='ocrx_word' id='word_1_240' title='bbox 397 2345 444 2381; x_wconf 90' lang='lat' dir='ltr'><strong>et</strong></span> <span class='ocrx_word' id='word_1_241' title='bbox 467 2341 534 2381; x_wconf 87' lang='lat' dir='ltr'><strong>sic</strong></span> <span class='ocrx_word' id='word_1_242' title='bbox 562 2341 741 2381; x_wconf 90' lang='lat' dir='ltr'><strong>demum</strong></span> <span class='ocrx_word' id='word_1_243' title='bbox 771 2353 874 2381; x_wconf 90' lang='lat' dir='ltr'><strong>cum</strong></span> <span class='ocrx_word' id='word_1_244' title='bbox 904 2340 1098 2389; x_wconf 86' lang='lat' dir='ltr'><strong>caeteris,</strong></span> <span class='ocrx_word' id='word_1_245' title='bbox 1117 2340 1289 2381; x_wconf 85' lang='lat' dir='ltr'><strong>laxatis</strong></span> <span class='ocrx_word' id='word_1_246' title='bbox 1313 2341 1427 2382; x_wconf 88' lang='lat' dir='ltr'><strong>velis</strong></span> 
     </span>
     <span class='ocr_line' id='line_1_37' title="bbox 170 2405 1427 2459; baseline 0.001 -13"><span class='ocrx_word' id='word_1_247' title='bbox 170 2410 217 2446; x_wconf 92' lang='lat' dir='ltr'><strong>et</strong></span> <span class='ocrx_word' id='word_1_248' title='bbox 243 2418 367 2447; x_wconf 86' lang='lat' dir='ltr'><strong>mare</strong></span> <span class='ocrx_word' id='word_1_249' title='bbox 391 2406 590 2455; x_wconf 90' lang='lat' dir='ltr'><strong>sulcans,</strong></span> <span class='ocrx_word' id='word_1_250' title='bbox 622 2405 854 2459; x_wconf 87' lang='lat' dir='ltr'><strong>profectus</strong></span> <span class='ocrx_word' id='word_1_251' title='bbox 882 2410 967 2447; x_wconf 89' lang='lat' dir='ltr'><strong>est.</strong></span> <span class='ocrx_word' id='word_1_252' title='bbox 1038 2405 1243 2458; x_wconf 88' lang='lat' dir='ltr'><strong>Septimo</strong></span> <span class='ocrx_word' id='word_1_253' title='bbox 1273 2411 1427 2447; x_wconf 86' lang='lat' dir='ltr'><strong>autem</strong></span> 
     </span>
     <span class='ocr_line' id='line_1_38' title="bbox 171 2470 1429 2525; baseline 0.001 -13"><span class='ocrx_word' id='word_1_254' title='bbox 171 2470 243 2512; x_wconf 89' lang='lat' dir='ltr'><strong>die</strong></span> <span class='ocrx_word' id='word_1_255' title='bbox 266 2471 586 2525; x_wconf 87' lang='lat' dir='ltr'><strong>applicuerunt</strong></span> <span class='ocrx_word' id='word_1_256' title='bbox 608 2483 764 2512; x_wconf 90' lang='lat' dir='ltr'><strong>omnes</strong></span> <span class='ocrx_word' id='word_1_257' title='bbox 787 2471 833 2511; x_wconf 91' lang='lat' dir='ltr'><strong>in</strong></span> <span class='ocrx_word' id='word_1_258' title='bbox 855 2483 996 2523; x_wconf 85' lang='lat' dir='ltr'><strong>regno</strong></span> <span class='ocrx_word' id='word_1_259' title='bbox 1017 2470 1185 2512; x_wconf 86' lang='lat' dir='ltr'><strong>Siciliae</strong></span> <span class='ocrx_word' id='word_1_260' title='bbox 1204 2484 1264 2512; x_wconf 87' lang='lat' dir='ltr'><strong>ex</strong></span> <span class='ocrx_word' id='word_1_261' title='bbox 1286 2484 1429 2525; x_wconf 87' lang='lat' dir='ltr'><strong>oppo-</strong></span> 
     </span>
    </p>
   </div>
   <div class='ocr_carea' id='block_1_9' title="bbox 213 2659 1427 2795">
    <p class='ocr_par' dir='ltr' id='par_1_9' title="bbox 213 2659 1427 2795">
     <span class='ocr_line' id='line_1_39' title="bbox 215 2659 1427 2702; baseline 0.001 -9"><span class='ocrx_word' id='word_1_262' title='bbox 215 2665 223 2684; x_wconf 93' lang='lat'>¹</span> <span class='ocrx_word' id='word_1_263' title='bbox 247 2663 258 2680; x_wconf 86' lang='lat'>‘</span> <span class='ocrx_word' id='word_1_264' title='bbox 274 2659 480 2701; x_wconf 81' lang='lat' dir='ltr'><strong>debeamus,&#39;</strong></span> <span class='ocrx_word' id='word_1_265' title='bbox 498 2661 573 2693; x_wconf 87' lang='lat' dir='ltr'><strong>MS.</strong></span> <span class='ocrx_word' id='word_1_266' title='bbox 588 2661 712 2694; x_wconf 80' lang='lat' dir='ltr'><strong>Lansd.</strong></span> <span class='ocrx_word' id='word_1_267' title='bbox 857 2659 869 2678; x_wconf 85' lang='lat'>⁴</span> <span class='ocrx_word' id='word_1_268' title='bbox 893 2661 903 2678; x_wconf 93' lang='lat'>‘</span> <span class='ocrx_word' id='word_1_269' title='bbox 919 2665 953 2692; x_wconf 84' lang='lat' dir='ltr'><strong>et</strong></span> <span class='ocrx_word' id='word_1_270' title='bbox 976 2661 1231 2702; x_wconf 81' lang='lat' dir='ltr'><strong>permanentes,’</strong></span> <span class='ocrx_word' id='word_1_271' title='bbox 1247 2661 1322 2693; x_wconf 91' lang='lat' dir='ltr'><strong>MS.</strong></span> <span class='ocrx_word' id='word_1_272' title='bbox 1338 2661 1427 2694; x_wconf 83' lang='lat' dir='ltr'><strong>Gon.</strong></span> 
     </span>
     <span class='ocr_line' id='line_1_40' title="bbox 214 2707 908 2748; baseline 0 -8"><span class='ocrx_word' id='word_1_273' title='bbox 214 2707 228 2727; x_wconf 74' lang='lat'><strong>²</strong></span> <span class='ocrx_word' id='word_1_274' title='bbox 249 2709 259 2726; x_wconf 90' lang='lat'>‘</span> <span class='ocrx_word' id='word_1_275' title='bbox 270 2708 388 2748; x_wconf 80' lang='lat' dir='ltr'><strong>vobis,&#39;</strong></span> <span class='ocrx_word' id='word_1_276' title='bbox 403 2708 479 2739; x_wconf 90' lang='lat' dir='ltr'><strong>MS.</strong></span> <span class='ocrx_word' id='word_1_277' title='bbox 496 2707 585 2740; x_wconf 88' lang='lat' dir='ltr'><strong>Cott.</strong></span> <span class='ocrx_word' id='word_1_278' title='bbox 598 2707 673 2739; x_wconf 86' lang='lat' dir='ltr'><strong>Tib.</strong></span> <span class='ocrx_word' id='word_1_279' title='bbox 814 2707 908 2740; x_wconf 85' lang='lat' dir='ltr'><strong>Arm.</strong></span> 
     </span>
     <span class='ocr_line' id='line_1_41' title="bbox 213 2753 1360 2795; baseline -0.001 -8"><span class='ocrx_word' id='word_1_280' title='bbox 213 2753 226 2772; x_wconf 85' lang='lat'><strong>³</strong></span> <span class='ocrx_word' id='word_1_281' title='bbox 249 2754 398 2787; x_wconf 84' lang='lat' dir='ltr'><strong>Omitted</strong></span> <span class='ocrx_word' id='word_1_282' title='bbox 414 2755 449 2785; x_wconf 89' lang='lat' dir='ltr'><strong>in</strong></span> <span class='ocrx_word' id='word_1_283' title='bbox 464 2753 539 2784; x_wconf 92' lang='lat' dir='ltr'><strong>MS.</strong></span> <span class='ocrx_word' id='word_1_284' title='bbox 555 2753 642 2786; x_wconf 87' lang='lat' dir='ltr'><strong>Con.</strong></span> <span class='ocrx_word' id='word_1_285' title='bbox 658 2753 752 2786; x_wconf 85' lang='lat' dir='ltr'><strong>Arm.</strong></span> <span class='ocrx_word' id='word_1_286' title='bbox 860 2755 872 2774; x_wconf 81' lang='lat'><strong>⁶</strong></span> <span class='ocrx_word' id='word_1_287' title='bbox 895 2754 905 2771; x_wconf 92' lang='lat'>‘</span> <span class='ocrx_word' id='word_1_288' title='bbox 916 2753 1128 2795; x_wconf 84' lang='lat' dir='ltr'><strong>oporterent‚’</strong></span> <span class='ocrx_word' id='word_1_289' title='bbox 1143 2753 1218 2785; x_wconf 88' lang='lat' dir='ltr'><strong>MS.</strong></span> <span class='ocrx_word' id='word_1_290' title='bbox 1235 2753 1360 2786; x_wconf 79' lang='lat' dir='ltr'><strong>Lansd.</strong></span> 
     </span>
    </p>
   </div>
  </div>
 </body>
</html>
