1866 3186
405 267 632 299 WALTERI
669 268 732 299 DE
764 269 1140 300 HEMINGBURGH.
1333 260 1419 302 221

152 371 478 423 declamantes,
520 373 567 414 in
611 378 786 415 tantum
846 374 1022 414 animos
1063 373 1420 430 devotionesque
1453 383 1617 443 5¹3³&

154 439 424 491 populorum
443 444 762 490 erexerunt,ut
781 439 851 481 sas
873 444 992 481 esset
1005 439 1068 481 ibi
1081 440 1244 490 dicere,
1262 441 1419 484 “Vere
1482 435 1488 443 ’
1526 435 1533 442 ’
1617 434 1624 441 ’

154 503 324 557 digitus
349 506 438 547 Dei
454 511 525 547 est
549 505 669 547 hic.''
741 505 928 559 Magnis
950 518 1060 559 ergo
1076 506 1350 560 praesulibus
1374 513 1421 550 et

155 571 388 624 praeclaris
409 571 600 613 ducibus
634 584 737 613 cum
773 571 1065 613 multitudine
1101 573 1303 614 virorum
1325 573 1419 616 for-

157 636 270 678 tium
307 638 598 679 Dominicum
636 638 946 679 characterem
992 638 1201 680 certatim
1236 652 1418 682 sumen-

158 702 294 752 tibus,
316 704 414 757 ipse
448 717 630 758 quoque
652 703 901 757 imperator
932 708 1124 757 paratus
1148 703 1235 746 fuit
1259 705 1418 747 eodem

156 768 287 821 signo
319 782 423 810 cum
454 770 633 811 caeteris
659 769 885 822 insigniri,
913 768 992 810 sed
1015 768 1100 810 hoc
1125 770 1183 810 ab
1205 771 1419 812 omnibus

157 835 310 876 altiori
330 834 519 877 consilio
551 835 810 876 dissuasum
830 838 902 875 est
925 834 1233 887 allegantibus
1267 835 1420 877 Chris-

156 901 294 942 tianae
315 901 595 955 expeditioni
617 901 870 943 conducere
886 905 937 941 ut
952 901 1000 941 in
1021 900 1211 954 imperio
1234 914 1421 944 manens

157 979 401 1019 progresso
426 967 649 1009 exercitui
669 967 725 1008 de
750 966 1025 1008 victualibus
1050 971 1094 1008 et
1119 969 1351 1020 expensis,
1377 973 1422 1010 et

159 1045 263 1073 cum
286 1046 469 1074 necesse
502 1033 631 1074 fieret
665 1033 722 1074 de
755 1032 921 1074 militia
953 1033 1119 1074 iterato
1148 1034 1421 1087 supplenda,

159 1099 431 1151 provideret.
504 1098 670 1152 Itaque
699 1098 1077 1140 Germanicarum
1110 1103 1250 1152 atque
1288 1099 1421 1142 Itali-

158 1176 315 1205 carum
343 1165 546 1217 gentium
571 1164 803 1218 expeditio
829 1165 940 1206 totis
964 1164 1134 1206 viribus
1170 1166 1423 1218 parabatur

159 1230 206 1270 in
250 1230 456 1285 Syriam;
506 1243 610 1272 cum
652 1243 782 1283 reges
827 1230 972 1272 nostri
1019 1230 1082 1271 nil
1122 1243 1286 1272 sanum
1339 1237 1422 1274 aut

159 1296 359 1336 sobrium
397 1296 669 1338 meditantes
710 1296 895 1349 proprio
931 1300 1111 1337 tantum
1144 1296 1287 1338 furori
1318 1311 1420 1340 cum

159 1362 405 1403 multorum
430 1361 690 1404 discrimine
709 1366 721 1384 ‘
738 1361 1061 1414 indulgerent.’
1075 1360 1088 1382 ¹

168 1509 413 1562 Pacfflcatis
431 1508 676 1552 Britonibus
698 1510 788 1551 Rem
805 1510 1019 1552 Rioardus
1033 1510 1138 1566 cepit
1159 1510 1411 1567 Episcopum

641 1575 936 1618 Belvacensem.

230 1674 319 1715 His
340 1673 498 1715 diebus
524 1674 738 1716 Britones
759 1675 837 1727 qui
860 1687 888 1715 a
906 1688 1012 1728 rege
1032 1673 1290 1728 Anglorum
1301 1676 1422 1731 jam·
1440 1681 1630 1741 &lg-3233&

161 1740 335 1793 pridem
377 1740 679 1791 desciverant,
719 1740 1073 1794 depopulatione
1109 1742 1254 1794 ipsius
1298 1743 1421 1796 regis
1439 1749 1640 1782 suesorpeace·

161 1806 361 1855 coerciti,
391 1805 438 1846 in
466 1806 670 1861 ejusdem
704 1807 825 1860 regis
855 1806 1044 1847 Ricardi
1074 1806 1224 1848 foedus
1247 1812 1294 1849 et
1314 1821 1421 1861 gra-

161 1872 271 1914 tiam
295 1885 395 1913 cum
419 1884 503 1914 suo
531 1871 811 1914 ‘Arthuro’2
847 1872 1032 1914 rediere.
1104 1873 1283 1915 Bellum
1309 1887 1422 1928 quo-

162 1952 250 1992 que
274 1938 587 1979 Tholosanum
619 1939 741 1992 quod
773 1937 1010 1979 ‘illustri'³
1033 1937 1292 1992 Anglorum
1325 1941 1423 1994 regi

162 2003 367 2045 Henrico
397 2008 442 2045 et
473 2004 566 2045 filio
594 2003 693 2059 ejus
717 2004 918 2046 Ricardo
950 2017 1021 2045 res
1049 2005 1215 2046 summi
1249 2007 1424 2060 negotii

161 2073 173 2091 ‘
189 2069 395 2119 suerat,'⁴
417 2074 463 2111 et
483 2083 564 2123 per
585 2083 729 2111 annos
752 2081 833 2112 XL.
858 2069 977 2111 vires
1010 2071 1257 2113 multorum
1292 2073 1424 2114 attri-

161 2141 290 2176 verat
326 2135 613 2188 populorum,
645 2136 802 2177 eodem
846 2140 1068 2189 tempore,
1106 2137 1287 2178 volente
1326 2138 1424 2179 Do-

162 2201 300 2250 mino,
319 2201 383 2242 sic
408 2201 652 2254 expiravit.
724 2200 888 2242 Comes
911 2201 1028 2241 enim
1052 2201 1208 2243 Sancti
1229 2203 1422 2255 AEgidii,
1441 2225 1580 2256 Mamm
1591 2226 1623 2250 ος

162 2267 308 2321 pactis
355 2279 457 2307 cum
492 2280 598 2320 rege
637 2266 892 2320 Anglorum
927 2266 1184 2316 celebratis,
1220 2280 1422 2310 sororem
1440 2258 1613 2316 ffussfflff

164 2334 278 2387 ejus,
301 2345 404 2386 quae
427 2332 533 2373 olim
559 2333 658 2385 regi
679 2332 848 2374 Siciliae
871 2337 1107 2385 nupserat,
1123 2345 1224 2373 cum
1247 2334 1423 2386 ingenti
1441 2324 1618 2389 Ξῖῗειιῗῗέἷί-

164 2399 311 2452 gloria
343 2398 582 2453 conjugem
617 2398 766 2447 duxit,
794 2402 841 2439 et
876 2398 941 2438 sic
970 2398 1275 2439 inveteratum
1311 2399 1424 2441 illud
1441 2389 1619 2417 ³¹d'⁸⁸¹⁸‘“·

163 2465 315 2506 odium
335 2464 613 2517 conquievit.
685 2463 854 2517 Itaque
870 2476 953 2504 rex
971 2462 1242 2517 Anglorum,
1267 2465 1346 2517 qui
1367 2466 1425 2507 ad

164 2531 253 2571 tria
292 2529 411 2570 bella
450 2530 581 2582 quasi
634 2530 782 2570 minus
830 2534 993 2582 potens
1044 2529 1219 2570 divisus
1261 2529 1425 2583 fuerat,

212 2668 219 2686 ¹
244 2670 253 2686 ‘
265 2667 501 2707 indulserunt,’
518 2668 592 2700 MS.
603 2668 776 2699 Cottsl'ib.
859 2666 873 2685 ³
897 2668 905 2685 ‘
920 2667 1051 2699 illatum
1068 2667 1142 2707 est,’
1160 2667 1233 2698 MS.
1253 2667 1378 2701 Lansd.

208 2714 222 2735 ’·’
245 2717 254 2734 ‘
266 2715 417 2756 principe
426 2714 598 2755 Arthur0‚'
611 2713 776 2746 Ms.Cott.
860 2712 872 2733 ⁴
895 2713 905 2731 ⁴
919 2711 1014 2753 erat‚’
1032 2714 1107 2746 MS.
1121 2713 1246 2745 Lansd.

163 2762 239 2793 Tib.
