1866 3186
196 398 318 423 william
332 399 356 423 1.

196 431 230 455 A.
242 431 274 455 D.
290 432 363 456 1066.

178 484 308 514 Monday,

178 516 244 541 Dec.
258 517 299 541 25.

394 274 450 315 10
880 284 1158 315 cHRoNlcON

392 387 438 427 in
461 387 562 440 ipso
586 399 717 428 sacro
735 387 807 428 die
831 386 1107 428 Nativitatis
1129 385 1370 427 dominicae
1403 383 1650 426 Londoniis

391 453 512 506 apud
537 452 998 494 westmonasterium
1029 451 1116 492 hoc
1140 463 1306 492 munus
1334 451 1572 504 implevit;
1606 454 1652 491 et

392 517 450 558 ad
478 517 647 558 tuenda
683 516 1086 569 conservandaque
1111 516 1235 570 jura,
1259 520 1334 558 ‘et
1357 513 1650 570 privilegia'¹

391 581 718 632 ecclesiastica,
753 594 857 623 eum
892 581 1156 622 solemniter
1186 579 1559 622 ‘sacramentis’2
1581 594 1651 622 as-

390 647 568 688 trinxit.
639 646 682 688 A
706 660 797 701 quo
825 647 1114 701 postmodum
1141 646 1242 688 loco
1265 647 1410 700 patris
1437 647 1505 688 ita
1533 646 1650 687 cole-

389 713 526 754 batur
555 718 607 754 ut
642 725 745 754 cum
783 713 860 753 ille
893 713 1071 754 caeteris
1107 712 1353 765 imperaret
1389 712 1448 752 ab
1478 724 1532 752 eo
1562 711 1650 752 sibi

390 779 605 832 imperari
623 778 940 831 aequanimiter
952 777 1105 819 ferret.
1153 776 1361 829 Contigit
1385 781 1538 818 autem
1559 789 1651 817 una

392 847 402 865 ‘
420 841 528 885 vice’
542 842 558 864 ³
573 843 765 885 eundem
784 843 1175 896 archiepiscopum
1196 843 1243 883 in
1265 842 1460 895 quadam
1478 855 1562 883 sua
1574 854 1650 894 pe-

391 908 552 950 titione
584 921 611 950 a
632 922 738 962 rege
761 910 859 962 pati
884 908 1131 961 repulsam,
1151 908 1389 960 iratusque
1411 907 1648 960 scapulam

392 975 561 1015 avertit
593 979 639 1015 et
679 974 1041 1016 maledictionem
1071 986 1155 1026 pro
1187 972 1500 1014 benedictione
1528 985 1651 1014 com-

392 1040 592 1080 minatus
623 1039 890 1093 est;‘cujus
924 1039 1065 1080 animi
1096 1043 1270 1079 motum
1309 1051 1390 1079 rex
1430 1038 1528 1091 ipse
1559 1050 1651 1078 non

393 1105 622 1145 sustinens
658 1105 715 1145 ad
751 1104 889 1157 pedes
921 1105 1020 1158 ejus
1052 1103 1264 1156 procidit,
1285 1103 1466 1144 veniam
1501 1103 1650 1155 petiit,

394 1174 439 1210 et
475 1169 834 1210 satisfactionem
866 1169 1138 1223 spopondit3
1178 1181 1372 1221 cumque
1409 1168 1654 1221 optimates

393 1234 472 1287 qui
502 1234 693 1276 aderant
725 1235 971 1276 suaderent
994 1239 1046 1275 ut
1078 1247 1232 1286 regem
1262 1238 1544 1287 prostratum
1567 1234 1653 1274 eri-

392 1304 538 1351 geret,
554 1300 802 1353 respondit,
816 1303 845 1322 “
857 1298 1047 1349 Sinite,''
1061 1299 1224 1352 inquit,
1240 1302 1270 1321 “
1283 1299 1412 1340 illum
1420 1299 1576 1352 Jacere
1591 1298 1648 1339 ad

393 1365 531 1417 pedes
549 1365 725 1406 Petri.'’
766 1365 913 1406 Porro
926 1365 1046 1406 idem
1063 1377 1147 1405 rex
1163 1377 1191 1405 a
1203 1364 1428 1417 Stigando
1445 1363 1650 1405 Cantua-

339 1437 342 1440 “
394 1430 532 1471 riensi
553 1430 911 1484 archiepiscopo,
930 1436 980 1472 ut
1000 1430 1171 1471 dictum
1193 1434 1280 1479 est,
1301 1429 1525 1479 irritatus,
1546 1441 1651 1470 cum

177 1773 351 1804 Archbishop

176 1806 292 1837 stigand
314 1807 359 1831 de—

174 1840 259 1870 posed
273 1840 307 1870 by
318 1839 365 1864 the

173 1872 283 1896 council
295 1872 326 1896 of

175 1905 360 1929 winchester.

177 2154 207 2178 A.
221 2154 253 2178 D.
267 2154 339 2178 1068.

394 1495 554 1536 vitium
581 1496 881 1536 ordinationis
912 1508 1007 1536 suae
1039 1500 1086 1536 et
1107 1496 1215 1536 vitae
1251 1495 1472 1536 dedecora
1493 1500 1654 1548 postea

394 1561 702 1613 cognovisset,
721 1561 959 1602 honestam
977 1560 1033 1601 de
1052 1561 1155 1614 ipso
1170 1560 1316 1601 voluit
1334 1560 1500 1601 habere
1515 1560 1653 1601 ultio-

394 1638 510 1666 nem.
574 1624 841 1667 Accersitus
863 1627 982 1667 enim
1005 1626 1150 1667 literis
1175 1626 1312 1677 regiis
1334 1625 1392 1666 ad
1409 1625 1649 1679 disponen-

393 1691 498 1731 dam
515 1691 751 1732 ecclesiam
774 1691 1080 1743 Anglicanam
1102 1691 1368 1744 apostolicae
1391 1690 1510 1732 sedis
1531 1691 1653 1743 lega-

394 1761 468 1797 tus
496 1755 758 1798 concilium4
786 1757 832 1797 in
860 1756 1033 1809 Anglia
1059 1756 1322 1806 celebravit,
1351 1758 1397 1797 in
1428 1770 1534 1810 quo,
1562 1757 1653 1798 Sti-

393 1822 532 1874 gandi
552 1822 799 1863 sceleribus
821 1822 1076 1875 patefactis,
1094 1821 1424 1863 infructuosam
1446 1823 1652 1863 arborem

392 1887 564 1928 securis
588 1888 816 1928 canonicae
840 1887 1246 1929 animadversionis
1266 1887 1471 1928 succidit.

439 2036 503 2076 De
524 2036 722 2078 lucendio
742 2035 924 2078 Eborum
943 2043 980 2077 et
999 2035 1247 2090 sabjectione
1267 2037 1320 2077 N
1316 2037 1586 2079 orthumbriae.

461 2139 595 2180 Anno
621 2140 807 2180 Domini
840 2150 1065 2180 M.LXV111.
1099 2140 1224 2181 venit
1256 2153 1336 2180 rex
1372 2140 1571 2180 Eborum
1608 2146 1654 2182 et

391 2205 558 2245 ibidem
582 2204 672 2245 duo
696 2206 886 2246 castella
914 2206 1127 2254 firmavit,
1150 2205 1374 2257 rediitque
1408 2205 1465 2245 ad
1499 2211 1653 2258 partes

441 2371 450 2391 ¹
477 2373 627 2404 Omitted
650 2373 686 2403 in
701 2374 800 2406 MSS.
814 2373 900 2405 Coll.
911 2373 1004 2404 Arm.
1041 2373 1106 2403 and
1121 2373 1234 2412 Peter,
1249 2382 1338 2403 were
1354 2377 1499 2412 present.
1535 2374 1566 2403 A
1583 2384 1656 2405 sen-

393 2419 458 2450 and
475 2420 562 2450 cott.
579 2410 673 2450 Tib.‘
1041 2422 1135 2449 tence
1166 2419 1203 2449 of
1225 2419 1412 2458 deposition
1446 2419 1512 2450 and
1542 2420 1656 2459 impri—

439 2473 452 2491 2
474 2476 625 2506 Omitted
641 2476 675 2506 in
695 2475 772 2507 MS·
791 2476 880 2507 Cott·
892 2476 968 2507 Tib·
1041 2467 1190 2495 sonment
1200 2474 1272 2495 was
1287 2465 1410 2504 passed
1426 2466 1557 2504 against
1572 2469 1658 2497 most

438 2535 451 2556 3
475 2539 484 2554 ί
526 2539 532 2545 ,
570 2538 578 2551 ‚
821 2538 827 2544 ,
1040 2510 1077 2540 of
1098 2510 1153 2541 the
1169 2510 1307 2550 bishops
1331 2511 1368 2541 of
1386 2511 1527 2550 English
1554 2512 1654 2551 birth,

499 2538 567 2577 ‘he'
595 2537 671 2569 MS·
688 2537 864 2569 COtt·T¹b·
1041 2566 1123 2587 even
1154 2556 1252 2587 when
1283 2557 1362 2595 they
1389 2557 1489 2587 could
1527 2560 1583 2587 not
1612 2558 1653 2588 be

438 2596 450 2614 ⁴
472 2599 553 2630 This
583 2599 715 2630 council
746 2609 818 2630 was
856 2599 935 2630 held
973 2603 1008 2631 at
1040 2602 1245 2641 reproached
1263 2602 1342 2632 with
1368 2611 1434 2640 any
1446 2602 1604 2632 violation
1621 2603 1658 2633 of

395 2645 602 2676 Winchester
625 2645 658 2675 in
683 2647 779 2685 1070,
809 2645 921 2676 where
953 2646 1006 2677 the
1040 2647 1095 2678 the
1127 2657 1261 2678 canons.
1347 2646 1559 2686 Archbishop
1590 2649 1654 2679 Sti-

393 2690 516 2728 l'ope's
531 2691 659 2730 legates
672 2691 866 2730 Ermenfroy
880 2691 1007 2730 Bishop
1041 2693 1142 2732 gand,
1168 2692 1335 2731 however,
1358 2692 1497 2723 ell‘ected
1524 2693 1576 2724 his
1602 2703 1652 2724 cs—

391 2735 429 2765 of
439 2735 573 2776 Sienna,
583 2736 649 2767 and
664 2736 720 2767 thc
736 2737 904 2769 cardinals
915 2737 1007 2769 John
1040 2747 1136 2778 cape,
1152 2738 1218 2769 and
1235 2738 1300 2769 fled
1316 2740 1349 2768 to
1361 2738 1532 2771 Scotland.
