1866 3186
403 274 459 315 14
894 281 1171 313 cnRomcoN

205 402 364 427 wnnamr
405 386 573 428 Scotiae
609 386 656 426 in
693 384 961 426 revertendo
995 383 1169 425 invenit
1199 382 1503 435 Margaritam
1526 382 1664 423 filiam

200 435 277 460 ’ω’
293 434 366 460 ¹⁰⁷¹‘
406 451 622 505 Agathae,
643 462 747 503 quae
776 453 939 502 postea
965 448 1203 489 dicebatur
1225 448 1357 489 Bona
1388 447 1663 500 Margarita,

189 536 388 568 msmamage
403 522 450 558 et
477 529 578 557 eam
610 514 745 556 duxit
774 513 821 554 in
849 526 1067 564 uxorem3
1104 526 1186 566 per
1206 525 1344 565 quam
1365 513 1662 566 imposterum

188 569 255 594 '⁷¹⁰¹
268 570 378 600 '‘¹³¹⁸ae
403 581 687 623 ferocitatem
721 578 893 620 dimisit
925 578 973 619 in
1009 582 1141 632 parte
1171 582 1217 618 et
1249 577 1481 619 honestior
1515 578 1663 619 factus

187 604 239 632 ret,
256 602 339 627 sister
350 602 381 627 οἱ

187 635 389 699 ffl¹f⁸¹⁴⁴¹¹²⁶L
403 652 487 688 est.
559 646 631 687 Ex
663 657 757 699 qua
780 644 919 685 etiam
940 655 1158 696 processu
1188 643 1405 695 temporis
1437 655 1519 683 sex
1543 643 1661 684 filios

403 711 678 765 procreavit,
723 709 998 751 Edwardum
1035 708 1224 757 scilicet,
1265 713 1311 749 et
1356 707 1660 758 Edmundum,

403 777 637 830 Edgarum
664 788 835 828 regem,
870 773 1188 815 Alexandrum
1223 786 1394 826 regem,
1427 776 1440 795 ‘
1457 773 1661 815 Ethelre-

400 840 556 891 dum,'l
579 846 626 883 et
647 840 802 882 David
823 853 1006 893 regem;
1039 839 1154 880 duas
1176 839 1316 880 etiam
1345 838 1480 889 filias,
1504 839 1660 880 Matil-

400 908 502 949 dem
535 907 714 948 scilicet
747 905 950 959 reginam
980 903 1164 958 Angliae
1194 904 1365 945 dictam
1393 904 1587 954 Bonam,
1614 909 1661 945 et

402 973 598 1014 Mariam
638 984 777 1025 quam
816 983 968 1012 comes
1012 970 1233 1011 Bononiae
1277 970 1455 1022 accepit
1490 970 1537 1010 in
1576 982 1660 1010 ux-

397 1051 522 1079 orem
527 1070 534 1078 .

543 1135 634 1175 130oe
653 1133 819 1188 Anyliae
836 1131 1002 1187 subjecit
1020 1131 1099 1173 sibi
1118 1132 1266 1187 Reyem
1287 1132 1511 1173 Scotorum.

182 1248 347 1274 A.D.1072.
458 1229 595 1272 Anno
643 1230 830 1272 Domini
879 1240 1094 1271 M.Lxxn.
1142 1235 1247 1282 post
1283 1229 1656 1283 Assumptiouem

183 1297 367 1363 ffigflfgffay·
404 1296 570 1353 Beatae.
587 1296 768 1345 Mariae,
789 1309 891 1337 cum
917 1296 1121 1337 audisset
1142 1295 1400 1337 Willelmus
1429 1309 1512 1337 rex
1537 1297 1658 1338 mala

398 1375 501 1415 quae
529 1362 732 1404 fecerant
763 1361 903 1419 Scoti,
925 1374 1029 1402 cum
1061 1361 1267 1402 exercitu
1292 1362 1478 1414 copioso
1504 1367 1551 1403 et
1579 1376 1658 1404 na-

399 1428 531 1469 vibus
558 1428 714 1469 multis
737 1428 784 1468 in
817 1427 1018 1468 Scotiam
1049 1427 1280 1480 profectus
1302 1432 1386 1468 est.
1450 1427 1657 1482 Cumque

396 1493 630 1546 ingressus
651 1498 772 1534 esset
788 1506 905 1542 eam,
928 1493 1087 1546 procul
1109 1493 1258 1533 missis
1280 1492 1336 1534 ad
1361 1506 1463 1534 eum
1485 1495 1656 1536 nuntiis

398 1559 581 1612 rogavit
607 1572 690 1600 rex
712 1559 989 1600 Malcolmus
1009 1571 1064 1599 ea
1083 1571 1186 1612 quae
1213 1559 1341 1612 pacis
1359 1564 1482 1609 sunt,
1507 1561 1655 1602 sciens

397 1638 447 1666 se
478 1638 570 1666 non
601 1638 735 1678 posse
762 1625 978 1665 dimicare
1007 1637 1110 1665 cum
1143 1637 1214 1673 eo,
1232 1625 1519 1678 occurritque
1543 1626 1585 1666 ei
1608 1627 1654 1667 in

182 1708 227 1733 ue
239 1708 363 1747 amna
397 1690 499 1732 loco
520 1691 599 1744 qui
621 1690 790 1732 dicitur
812 1689 1070 1743 Abernithy
1093 1694 1139 1731 et
1160 1689 1296 1731 homo
1319 1703 1429 1731 suus
1454 1690 1653 1742 devenit,

181 1741 382 1800 'i'vffi‘ifflfflw
396 1756 519 1797 facto
540 1756 755 1809 homagio
779 1761 825 1798 et
845 1756 965 1797 datis
984 1756 1217 1797 obsidibus
1237 1755 1410 1806 multis,
1426 1769 1654 1799 reversus-

395 1835 483 1875 que
503 1826 573 1863 est
595 1822 856 1864 Willelmus
873 1835 956 1863 rex
977 1833 1122 1874 usque
1144 1822 1437 1871 Dunolmum,
1459 1823 1536 1863 ubi
1557 1836 1653 1865 cas-

181 1904 258 1937 nody
270 1906 350 1931 orst.
395 1888 554 1928 tellum
580 1887 636 1928 de
664 1900 785 1929 novo
805 1887 1086 1938 construxit3
1119 1891 1164 1928 et
1186 1887 1295 1940 quia
1315 1887 1447 1928 multi
1474 1888 1530 1928 de
1556 1890 1651 1930 suis

178 1938 323 1964 cumbe*
393 1965 485 1993 non
508 1952 752 1994 credebant
775 1953 958 1993 beatum
983 1951 1284 1993 Cuthbertum
1306 1965 1404 1993 esse
1424 1958 1649 2004 sanctum,

394 2019 467 2059 vel
489 2031 654 2071 corpus
678 2031 808 2059 suum
836 2031 927 2059 non
955 2018 1017 2059 ibi
1042 2030 1140 2059 esse
1169 2017 1414 2070 integrum,
1435 2021 1651 2073 praecepit

179 2100 333 2134 Thumna„
393 2096 475 2125 rex
495 2084 543 2124 in
570 2084 671 2137 ipso
703 2084 820 2124 festo
843 2083 1057 2124 Omnium
1085 2083 1373 2134 Sanctorum,
1394 2084 1650 2127 celebrante

179 2133 249 2160 Nm·
267 2135 288 2160 ¹·
393 2150 608 2202 episcopo
632 2148 743 2190 loci²
763 2150 950 2190 missam
967 2149 1124 2190 eodem
1143 2149 1231 2197 die,
1245 2155 1297 2191 ut
1317 2149 1408 2191 duo
1424 2151 1648 2204 capellani

391 2214 448 2255 de
487 2215 583 2256 suis
617 2215 961 2267 ingrederentur
995 2219 1041 2255 et
1073 2215 1277 2256 viderent
1311 2229 1476 2268 corpus
1509 2222 1647 2269 atque

390 2280 657 2334 palparent3
689 2280 978 2333 disposuerat
995 2280 1114 2321 enim
1132 2292 1215 2321 rex
1237 2281 1357 2333 quod
1379 2281 1418 2321 si
1439 2287 1646 2323 sanctum

389 2358 555 2399 corpus
584 2358 673 2387 non
692 2346 986 2395 inveniretur,
1010 2358 1166 2386 omnes
1188 2346 1383 2400 majores
1397 2351 1507 2388 natu
1529 2348 1645 2402 ejus-

389 2411 491 2452 dem
515 2412 759 2464 provinciae
778 2411 1168 2452 detruncarentur.

456 2477 543 2518 Sed
583 2478 780 2518 mutavit
808 2477 937 2518 Deus
967 2477 1253 2530 propositum
1285 2489 1448 2518 suum:
1487 2480 1644 2520 statim

389 2555 584 2596 namque
618 2547 854 2595 correptus
888 2555 970 2583 rex
1014 2542 1154 2596 coepit
1186 2543 1495 2584 inaestimabili
1529 2550 1645 2586 aestu

434 2669 445 2690 ¹
468 2672 478 2688 ‘
492 2670 757 2710 Etheldredum:
773 2670 873 2702 MSS.
1033 2670 1170 2708 Walter,
1185 2679 1222 2699 or
1233 2668 1424 2708 Waulcher,
1439 2678 1460 2699 a
1480 2670 1589 2700 native
1613 2670 1650 2700 of

1034 2716 1201 2753 Lot-ruine,
1227 2715 1405 2754 appointed
1434 2719 1466 2746 to
1495 2715 1562 2746 this
1589 2725 1644 2747 see

432 2760 445 2777 ²
465 2762 547 2793 This
564 2762 691 2801 Bishop
708 2761 745 2792 of
757 2761 908 2792 Durham
926 2771 998 2792 was
1030 2762 1132 2792 about
1144 2763 1239 2792 10⁷2.
