1866 3186
228 267 316 309 348
731 279 988 311 Lssc'rlomzs
1023 281 1194 314 VARIAE.

228 371 303 395 PAO.
352 371 421 396 HN.
471 371 661 396 EXBMPLAR.
805 373 1070 399 REMINGBURGH.

229 410 327 462 271,
352 414 421 464 29,
433 427 516 469 per
755 413 875 456 deest.

228 487 327 539 272,
381 492 420 541 1,
442 503 512 532 neo
757 491 847 533 vel.

227 593 293 600 —
381 567 424 616 3,
444 579 516 608 ‘neo
574 565 690 608 habe·
758 566 914 610 desum.

426 631 557 674 bimus
579 663 589 674 .
611 664 622 675 .
648 664 658 674 .
679 664 690 674 .

427 697 619 754 buryaqii

380 777 419 825 5,
441 773 579 817 debeat
757 775 923 818 debeat
945 778 1090 819 nobis.

381 848 421 901 7,
442 865 514 893 neo
753 853 842 894 vel.

378 930 419 979 8,
440 928 688 983 serjantem’ae
755 930 844 985 serj
850 931 1004 972 antiae.

351 1005 418 1055 12,
442 1004 504 1046 ad
568 1004 690 1060 leqem
757 1004 1082 1049 ‘manifeste.'¹

422 1070 683 1125 manifestam

423 1136 488 1177 vel

349 1213 418 1264 14,
439 1212 488 1254 de
505 1218 641 1258 oaetero
751 1213 908 1255 desunt.

348 1290 416 1339 15,
427 1289 687 1331 disseisiatur
753 1290 1038 1333 disseisietur
1057 1291 1126 1333 de.

421 1355 471 1397 de
486 1355 627 1410 aliquo

219 1454 287 1461 -
347 1428 417 1480 17,
438 1432 569 1474 exalet
753 1432 982 1473 exuletur.

219 1531 287 1539 —
347 1510 415 1559 18,
434 1508 520 1550 alio
749 1508 869 1550 deest.

218 1610 286 1618 —
345 1586 416 1634 24,
437 1598 621 1627 securum
752 1597 963 1626 securum
987 1585 1277 1627 conductum.

219 1688 286 1696 —
344 1662 413 1712 30,
435 1662 473 1703 si
750 1661 869 1704 deest.

218 1760 284 1769 —
342 1738 412 1789 32,
433 1738 498 1780 vel
747 1743 810 1780 et.

218 1812 319 1861 273,
371 1816 412 1866 2,
426 1815 684 1857 invenientur
751 1815 1058 1857 inveniantur.

217 1914 284 1922 ——-
373 1894 415 1941 5,
437 1892 530 1947 quis
749 1892 931 1945 aliquis.

217 1991 284 1998 —
372 1969 412 2019 6,
443 1967 666 2024 Wallinye-
748 1967 1057 2021 Walingford.

404 2034 516 2088 ford

373 2108 410 2160 7,
431 2109 531 2152 aliis
745 2109 848 2151 aliis
867 2109 1074 2151 escaetis.

370 2188 411 2236 9,
432 2186 556 2228 aliud
749 2186 951 2240 aliquod.

343 2265 411 2313 10,
433 2263 528 2320 ipsa
744 2263 949 2305 baronia.

343 2341 410 2389 12,
435 2338 650 2381 tenebimus
745 2352 846 2381 eam
871 2338 1139 2380 tenebimus.

342 2417 410 2464 14,
494 2415 679 2471 aliquam
746 2415 1004 2458 custodiam
1024 2415 1098 2456 vel
1123 2409 1365 2455 escaetam.

412 2487 606 2522 escaetam
617 2481 682 2523 vel

416 2547 641 2611 oustqdiam

342 2620 412 2671 17,
433 2622 564 2665 alicui
742 2623 858 2664 deest.

215 2133 283 2445 ΙΙΙΙΙ

566 2766 575 2785 ¹
601 2769 666 2800 ‘ad
681 2769 789 2809 legem
806 2767 1015 2799 manifestam
1031 2766 1117 2808 nec‚'
1133 2767 1209 2799 MS.
1226 2767 1351 2799 Lansd.
