1866 3186
402 259 487 302 162
887 269 1165 300 ennomcon

204 385 369 445 fingas&-
404 375 605 417 ‘modice
636 373 896 416 laborabat’
913 372 926 394 ¹
960 374 1145 427 exigere
1177 386 1267 415 non
1297 372 1475 414 debere.
1536 371 1665 426 Adji-

231 437 238 445 ’
277 437 284 443 ”
362 436 369 444 ”
405 441 554 482 ciebat
585 441 724 482 etiam
762 452 812 481 se
850 443 896 481 et
930 438 1076 488 illum,
1111 451 1215 480 cum
1252 438 1662 492 peregrinationem

405 507 674 561 arriperent,
698 506 950 547 Saracenos
974 504 1259 546 solummodo
1283 504 1594 558 aggrediendi,
1618 503 1665 545 et

405 573 463 614 ab
505 574 570 614 eis
616 577 838 626 quantum
885 575 1071 625 possent
1118 570 1219 612 Deo
1261 566 1460 624 propitio
1505 575 1661 612 extor-

404 638 573 692 quendi
620 638 920 679 intentionem
976 636 1206 686 habuisse,
1258 640 1305 677 et
1351 634 1492 688 juxta
1546 635 1664 677 hanc

403 705 704 746 intentionem
747 707 934 757 pactum
974 702 1030 743 de
1069 701 1376 755 adquisitione
1421 701 1666 742 dividenda

406 770 725 812 constituisse:
757 781 893 823 porro
928 780 977 808 se
1006 767 1315 809 Christianam
1346 767 1544 807 insulam
1571 779 1663 807 non

407 849 465 878 ex
511 836 764 877 intentione
804 834 988 884 adiisse,
1037 833 1117 874 sed
1154 832 1407 874 incidenter
1441 832 1500 873 ad
1545 845 1663 882 eam,

406 914 548 943 causa
577 900 850 942 ulciscendae
879 899 1048 940 atrocis
1077 903 1124 940 et
1154 898 1302 940 adhuc
1329 898 1569 951 flagrantis
1592 899 1663 939 in-

399 966 554 1020 juriae,
588 966 844 1012 divertisse.
906 965 1012 1006 Hoc
1046 964 1179 1006 modo
1223 964 1564 1005 altercabantur
1605 964 1663 1005 ad

405 1033 618 1082 invicem,
658 1037 705 1073 et
728 1044 812 1072 rex
842 1030 1023 1084 quidem
1056 1029 1312 1083 Anglorum
1344 1030 1664 1083 adquisitionis

404 1098 528 1139 illius
551 1097 842 1138 medietatem
863 1096 1008 1137 modis
1031 1096 1240 1137 omnibus
1273 1095 1545 1148 denegabat,
1581 1109 1664 1137 rex

406 1176 514 1204 vero
560 1163 840 1206 Francorum
880 1162 1031 1215 ipsum
1067 1162 1191 1215 rupti
1229 1161 1412 1202 foederis
1454 1166 1500 1203 et
1540 1163 1666 1214 pacti

404 1229 523 1271 irriti
567 1229 804 1282 arguebat.
874 1225 982 1269 Alia
1021 1240 1205 1281 quoque
1249 1228 1368 1269 inter
1410 1240 1488 1268 eos
1530 1227 1663 1268 dissi-

186 1306 305 1336 Conrad‚
407 1295 543 1336 dendi
567 1307 707 1336 causa
730 1293 942 1344 emersit3
978 1293 1180 1334 marchio
1213 1293 1269 1334 de
1292 1292 1663 1343 Monte-ferrato,

189 1339 384 1398 fflssix‘ffe‘illt‘ff
407 1361 476 1402 vir
523 1361 644 1402 inter
683 1360 855 1414 primos
905 1358 1108 1399 Romani
1154 1358 1332 1411 imperii
1380 1371 1576 1411 magnus
1619 1364 1666 1400 et

407 1431 587 1479 potens,
614 1430 667 1467 ut
696 1424 1009 1479 supradictum
1043 1428 1127 1473 est,
1157 1428 1262 1476 post
1292 1428 1475 1477 captam
1502 1423 1662 1466 Ptolo—

405 1491 604 1533 maidam
639 1491 811 1544 Tyrum
843 1490 1077 1542 ingressus
1107 1489 1282 1531 invenit
1314 1502 1468 1530 omnes
1497 1489 1665 1543 Tyrios

405 1558 453 1598 in
483 1557 796 1598 moestitudine
820 1560 958 1609 atque
981 1555 1220 1596 formidine
1249 1555 1316 1596 ita
1339 1555 1578 1606 attonitos,
1598 1561 1664 1606 ut,

405 1623 570 1664 animis
590 1622 844 1671 labefactis,
866 1621 1082 1662 Saladino
1104 1633 1214 1662 mox
1236 1620 1434 1662 affuturo
1455 1622 1665 1675 exemplo

407 1688 770 1730 Ptolomensium
835 1687 1068 1728 civitatem
1133 1686 1314 1727 tradere
1371 1686 1627 1738 cogitarent
1652 1701 1662 1729 :

405 1767 564 1795 verum
609 1754 666 1794 ad
711 1753 827 1795 tanti
870 1752 1063 1806 hospitis
1111 1752 1384 1805 ingressum,
1430 1758 1663 1806 resumpto

404 1819 741 1873 aliquantulum
786 1818 967 1872 spiritu,
1013 1817 1112 1872 ejus
1160 1818 1331 1859 salubri
1381 1831 1431 1859 se
1474 1819 1663 1861 consilio

404 1885 705 1927 crediderunt.
777 1884 866 1925 Ille
885 1896 994 1925 vero
1016 1896 1118 1925 cum
1150 1888 1270 1925 esset
1296 1883 1494 1936 prudens
1524 1890 1663 1938 atque

406 1951 724 2003 magnanimus
763 1962 920 1990 omnes
961 1962 990 1989 a
1031 1949 1217 1990 minimo
1249 1961 1396 2002 usque
1428 1950 1486 1995 ad
1513 1951 1661 1991 maxi-

404 2028 527 2057 mum
560 2019 847 2056 sacramento
869 2014 1101 2063 astrinxit,
1123 2018 1175 2055 ut
1198 2013 1239 2054 ei
1268 2015 1468 2055 omnium
1506 2028 1661 2056 curam

405 2082 560 2133 agenti
595 2081 789 2122 fideliter
822 2085 1036 2134 parerent
1071 2080 1118 2120 in
1154 2079 1390 2131 omnibus3
1432 2082 1663 2134 sapienter

405 2146 613 2199 allegans
639 2147 751 2188 nihil
772 2146 849 2199 agi
873 2158 1023 2199 posse,
1047 2144 1135 2186 nisi
1155 2146 1240 2186 sub
1266 2146 1405 2187 ‘uno’
1420 2145 1436 2167 ²
1458 2147 1663 2201 principe

405 2217 451 2253 et
472 2213 705 2266 provisore
729 2213 881 2253 cuncti
908 2215 1061 2252 essent
1081 2212 1333 2252 unanimes.
1395 2211 1587 2263 Verum,
1612 2218 1663 2254 ut

404 2279 718 2332 supradictum
739 2283 823 2328 est,
849 2291 953 2318 cum
973 2278 1030 2318 ab
1060 2276 1297 2318 obsidione
1330 2276 1534 2318 Saladini
1555 2279 1663 2319 civi-

405 2348 547 2385 tatem
565 2345 818 2392 liberasset,
834 2341 1012 2384 Guido³
1034 2355 1115 2382 rex
1129 2340 1156 2383 J
1164 2342 1539 2395 erosolymorum,
1561 2356 1663 2384 cum

453 2427 463 2447 ¹
487 2429 496 2445 ⁴
510 2429 677 2460 modicum
716 2428 904 2468 laboravit‚'
943 2427 1019 2458 MS.
1056 2427 1224 2466 Bouillon,
1239 2427 1295 2458 the
1311 2428 1381 2459 first
1397 2428 1566 2460 Christian
1583 2429 1666 2468 king

406 2474 531 2507 Lansd.
1052 2473 1091 2504 of
1122 2474 1326 2514 Jerusalem,
1362 2474 1429 2504 and
1467 2475 1526 2506 she
1563 2475 1664 2514 being·

450 2541 464 2560 ²
700 2542 1016 2575 MSS-001¹·Arm·
1051 2519 1153 2596 {¹3ssss
1181 2519 1665 2597 ξῗίοῗέἇᾳὲἰὶἱὶεῗὴῗῖζῗζῖ

403 2588 470 2619 and
487 2588 574 2620 cott'
588 2589 664 2620 Tib'
1051 2614 1114 2650 ter,
1129 2587 1334 2643 m’aintained
1357 2611 1430 2642 that
1449 2612 1505 2643 the
1523 2612 1610 2651 right
1632 2612 1670 2642 of

449 2657 462 2676 ³
485 2655 567 2695 Guy
591 2656 629 2687 of
655 2656 827 2696 Lusignan
857 2656 936 2688 held
961 2656 1019 2688 the
1051 2657 1133 2696 Guy
1149 2660 1182 2688 to
1201 2658 1256 2688 the
1280 2658 1397 2688 throne
1421 2657 1487 2689 had
1511 2658 1664 2697 expired,

401 2711 513 2732 crown
538 2703 572 2732 in
598 2702 688 2742 right
702 2703 740 2733 of
758 2703 810 2734 his
833 2702 924 2742 wife,
939 2702 1017 2734 who
1050 2703 1116 2734 and
1133 2703 1205 2733 that
1228 2703 1284 2734 the
1311 2706 1440 2742 sceptre
1464 2703 1503 2733 of
1526 2704 1665 2735 Jerusa-

402 2757 473 2777 was
490 2757 509 2778 a
525 2747 729 2779 descendant
750 2749 789 2779 of
806 2748 957 2787 Godfrey
973 2749 1016 2779 de
1049 2749 1114 2780 lem
1131 2749 1294 2779 devolved
1310 2759 1351 2779 on
1367 2748 1511 2779 himself.

1860 2829 1864 2854 --
1860 2799 1866 2818 «a
1858 2639 1866 2792 u--ua-ae...
