1866 3186
767 285 1030 316 APPENDIX.
1548 276 1634 319 351

235 374 291 416 lis
312 373 457 428 patris
479 373 651 415 domini
673 372 901 416 Gualonis
925 375 1049 417 tituli
1067 375 1216 417 sancti
1237 375 1428 417 Martini
1449 377 1638 430 presby-

234 442 319 482 teri
351 440 598 482 cardinalis
634 445 680 481 et
712 441 979 494 apostolicae
1013 441 1134 483 sedis
1165 442 1324 495 legati,
1357 443 1529 484 domini
1559 442 1636 484 W.

236 507 438 549 Eborum
474 506 823 560 archiepiscopi,
858 508 934 549 W.
971 507 1304 550 Londoniensis
1340 509 1559 563 episcopi,
1590 514 1637 550 et

235 573 430 615 aliorum
472 573 791 627 episcoporum
845 573 1046 627 Angliae,
1093 574 1315 616 willelmi
1370 575 1638 617 Marescalli

233 641 412 682 comitis
437 638 653 681 Penbrok
677 640 868 681 rectoris
891 641 1039 682 nostri
1061 646 1109 682 et
1128 642 1256 694 regni
1280 642 1439 692 nostri,
1461 646 1507 683 et
1525 641 1637 682 alio-

236 719 336 747 rum
367 706 569 747 fidelium
597 705 814 747 comitum
843 712 890 748 et
916 707 1141 749 baronum
1167 712 1427 749 nostrorum
1456 707 1638 761 Angliae

234 772 318 813 has
356 772 593 814 libertates
632 772 918 826 subscriptas
954 773 1174 814 tenendas
1208 774 1254 814 in
1295 787 1440 827 regno
1480 779 1638 815 nostro

233 837 419 891 Angliae
439 838 486 879 in
508 843 798 892 perpetuum.

167 921 242 944 PAG.
293 921 363 944 Lm.
413 919 604 943 EXEMPLAR.
841 920 1110 945 REMINGBURGH.

166 963 265 1012 277,
294 963 364 1010 16,
388 961 601 1015 deaffores-
703 964 716 983 ‘
734 961 1054 1004 afl'orestetur.’
1071 962 1083 984 ¹

366 1033 474 1070 tetur

165 1131 233 1139 —
292 1107 364 1154 20,
384 1119 477 1147 vero
704 1103 825 1146 deest.

166 1211 232 1217 —
290 1185 361 1232 23,
384 1180 605 1224 attackiati
699 1185 712 1204 ‘
730 1168 1102 1225 ειῐῐειοίιίειῑῐίῐιιι·.’ς

366 1255 474 1299 sunt,

166 1352 233 1359 -—
293 1328 365 1376 24,
376 1327 592 1382 forestam,
700 1325 920 1368 forestam
943 1331 1167 1378 nostram,
1192 1326 1389 1368 fuerunt.

354 1392 524 1447 suerint

167 1495 234 1503 -—
294 1470 362 1520 26,
381 1469 613 1511 Johcmwm
702 1465 843 1509 deest.³

168 1574 234 1581 —-
295 1548 363 1596 28,
385 1546 439 1588 sit
700 1544 851 1586 fuerit.

168 1648 235 1654 —
295 1625 365 1674 30,
386 1621 508 1665 libero
702 1626 748 1663 et
770 1621 924 1662 libere.

166 1729 233 1735 -
293 1702 365 1749 31,
375 1699 549 1756 forestis
704 1698 889 1740 forestis
913 1699 1095 1740 nostris.

168 1806 235 1812 —-
296 1779 364 1827 32,
378 1778 531 1833 prima:
573 1790 634 1817 co·
703 1776 1014 1818 coronationis
1036 1775 1259 1830 praedicti.

370 1842 600 1885 ronationis

171 1948 238 1955 —
298 1922 367 1971 35,
390 1919 557 1962 essartis
706 1919 912 1961 assartis.

171 1997 269 2049 278,
323 1999 365 2046 2,
387 1996 638 2052 velpwpre-
706 2001 1053 2050 purpresturam
1079 1997 1150 2038 vel
1170 2002 1416 2039 assartum.

369 2069 530 2105 staram

171 2164 237 2172 ——
325 2142 364 2192 3,
386 2140 451 2182 vel
705 2138 822 2181 deest.

172 2242 236 2249 —
326 2220 366 2268 4,
388 2224 586 2260 essartum
704 2215 824 2266 deest,
846 2216 1038 2258 assartis
1061 2216 1208 2258 nobis,

373 2283 435 2334 de,
454 2283 636 2331 essartis,

173 2386 241 2392 —
331 2363 369 2411 5,
391 2360 606 2416 Reqardo-
707 2357 1030 2407 Rewardores,
1050 2356 1246 2399 forestas
1267 2361 1465 2398 nostras.

374 2427 638 2483 resforestas,

174 2532 240 2539 —-
332 2504 370 2554 6,
393 2502 616 2559 reyardum
709 2499 982 2542 rewardum.

175 2608 242 2615 —
330 2578 373 2630 7,
395 2578 684 2635 reqisHenrioi
706 2576 913 2631 praedicti
941 2575 1133 2616 Henriei
1158 2575 1295 2628 regis.

226 2695 236 2715 ¹
259 2692 558 2736 ‘deafforestetur,’
581 2692 893 2727 MSS.Lansd.and

176 2745 265 2776 Cott.
278 2743 355 2774 Tib.

222 2788 236 2809 ²
259 2790 269 2807 ‘
282 2788 455 2821 attachiati
472 2786 574 2828 sunt‚'
590 2786 664 2819 MS.
684 2785 808 2817 Lansd.

927 2761 965 2793 Τ.
970 2713 991 2793 ιζ
1011 2715 1046 2747 ‘J
1049 2714 1211 2748 ohannem
1215 2713 1238 2756 ,’
1249 2714 1476 2748 MSS.Lansd.
1484 2714 1550 2746 and
1557 2713 1647 2747 Cott.

957 2772 967 2792 Ι
994 2785 1002 2793 .
