<?xml version="1.0" encoding="UTF-8"?>
<!DOCTYPE html PUBLIC "-//W3C//DTD XHTML 1.0 Transitional//EN"
    "http://www.w3.org/TR/xhtml1/DTD/xhtml1-transitional.dtd">
<html xmlns="http://www.w3.org/1999/xhtml" xml:lang="en" lang="en">
 <head>
  <title>
</title>
<meta http-equiv="Content-Type" content="text/html;charset=utf-8" />
  <meta name='ocr-system' content='tesseract 3.04.00' />
  <meta name='ocr-capabilities' content='ocr_page ocr_carea ocr_par ocr_line ocrx_word'/>
</head>
<body>
  <div class='ocr_page' id='page_1' title='image "./chronicondominiw01hemiuoft_0193.png"; bbox 0 0 1866 3186; ppageno 0'>
   <div class='ocr_carea' id='block_1_1' title="bbox 445 261 1439 303">
    <p class='ocr_par' dir='ltr' id='par_1_1' title="bbox 445 261 1439 303">
     <span class='ocr_line' id='line_1_1' title="bbox 445 261 1439 303; baseline -0.001 0"><span class='ocrx_word' id='word_1_1' title='bbox 445 271 673 303; x_wconf 73' lang='lat' dir='ltr'><strong>WALTEm</strong></span> <span class='ocrx_word' id='word_1_2' title='bbox 708 271 769 301; x_wconf 83' lang='lat' dir='ltr'><strong>DE</strong></span> <span class='ocrx_word' id='word_1_3' title='bbox 801 272 1176 303; x_wconf 80' lang='lat' dir='ltr'><strong>HEMINGBURGH.</strong></span> <span class='ocrx_word' id='word_1_4' title='bbox 1355 261 1439 302; x_wconf 88' lang='lat'><strong>171</strong></span> 
     </span>
    </p>
   </div>
   <div class='ocr_carea' id='block_1_2' title="bbox 174 375 1663 694">
    <p class='ocr_par' dir='ltr' id='par_1_2' title="bbox 174 375 1663 694">
     <span class='ocr_line' id='line_1_2' title="bbox 174 375 1634 430; baseline -0.003 -14"><span class='ocrx_word' id='word_1_5' title='bbox 174 377 464 426; x_wconf 88' lang='lat' dir='ltr'><strong>verebantur,</strong></span> <span class='ocrx_word' id='word_1_6' title='bbox 499 380 550 416; x_wconf 92' lang='lat' dir='ltr'><strong>ut</strong></span> <span class='ocrx_word' id='word_1_7' title='bbox 593 375 845 416; x_wconf 88' lang='lat' dir='ltr'><strong>marchioni</strong></span> <span class='ocrx_word' id='word_1_8' title='bbox 883 375 985 430; x_wconf 86' lang='lat' dir='ltr'><strong>ejus</strong></span> <span class='ocrx_word' id='word_1_9' title='bbox 1022 380 1199 429; x_wconf 83' lang='lat' dir='ltr'><strong>partem</strong></span> <span class='ocrx_word' id='word_1_10' title='bbox 1243 375 1442 417; x_wconf 87' lang='lat' dir='ltr'><strong>fovendo</strong></span> <span class='ocrx_word' id='word_1_11' title='bbox 1476 387 1634 414; x_wconf 74' lang='lat' dir='ltr'><strong>Richardt.</strong></span> 
     </span>
     <span class='ocr_line' id='line_1_3' title="bbox 176 421 1645 495; baseline 0.001 -13"><span class='ocrx_word' id='word_1_12' title='bbox 176 442 457 492; x_wconf 82' lang='lat' dir='ltr'><strong>assisterent,</strong></span> <span class='ocrx_word' id='word_1_13' title='bbox 478 447 524 483; x_wconf 90' lang='lat' dir='ltr'><strong>et</strong></span> <span class='ocrx_word' id='word_1_14' title='bbox 555 442 767 495; x_wconf 87' lang='lat' dir='ltr'><strong>quotiens</strong></span> <span class='ocrx_word' id='word_1_15' title='bbox 796 454 846 483; x_wconf 91' lang='lat' dir='ltr'><strong>se</strong></span> <span class='ocrx_word' id='word_1_16' title='bbox 874 442 1079 483; x_wconf 90' lang='lat' dir='ltr'><strong>incidens</strong></span> <span class='ocrx_word' id='word_1_17' title='bbox 1110 442 1337 495; x_wconf 81' lang='lat' dir='ltr'><strong>praeberet</strong></span> <span class='ocrx_word' id='word_1_18' title='bbox 1364 455 1442 484; x_wconf 90' lang='lat' dir='ltr'><strong>oc·</strong></span> <span class='ocrx_word' id='word_1_19' title='bbox 1470 421 1645 447; x_wconf 60' lang='lat' dir='ltr'><strong>A&#39;D‘lm&#39;</strong></span> 
     </span>
     <span class='ocr_line' id='line_1_4' title="bbox 176 507 1644 562; baseline 0 -14"><span class='ocrx_word' id='word_1_20' title='bbox 176 507 301 549; x_wconf 90' lang='lat' dir='ltr'><strong>casio</strong></span> <span class='ocrx_word' id='word_1_21' title='bbox 348 508 448 561; x_wconf 85' lang='lat' dir='ltr'><strong>regi</strong></span> <span class='ocrx_word' id='word_1_22' title='bbox 507 508 861 549; x_wconf 83' lang='lat' dir='ltr'><strong>adversarentur</strong></span> <span class='ocrx_word' id='word_1_23' title='bbox 909 507 1197 561; x_wconf 81' lang='lat' dir='ltr'><strong>Anglorum3</strong></span> <span class='ocrx_word' id='word_1_24' title='bbox 1247 520 1443 562; x_wconf 92' lang='lat' dir='ltr'><strong>cumque</strong></span> <span class='ocrx_word' id='word_1_25' title='bbox 1461 531 1537 562; x_wconf 66' lang='lat' dir='ltr'><strong>mag</strong></span> <span class='ocrx_word' id='word_1_26' title='bbox 1550 530 1644 562; x_wconf 60' lang='lat' dir='ltr'><strong>1³11„sp</strong></span> 
     </span>
     <span class='ocr_line' id='line_1_5' title="bbox 176 564 1636 629; baseline 0 -15"><span class='ocrx_word' id='word_1_27' title='bbox 176 575 406 627; x_wconf 88' lang='lat' dir='ltr'><strong>prosperis</strong></span> <span class='ocrx_word' id='word_1_28' title='bbox 453 574 639 615; x_wconf 88' lang='lat' dir='ltr'><strong>flatibus</strong></span> <span class='ocrx_word' id='word_1_29' title='bbox 682 574 883 615; x_wconf 87' lang='lat' dir='ltr'><strong>venisset</strong></span> <span class='ocrx_word' id='word_1_30' title='bbox 930 573 1132 624; x_wconf 87' lang='lat' dir='ltr'><strong>Italiam,</strong></span> <span class='ocrx_word' id='word_1_31' title='bbox 1180 573 1441 615; x_wconf 88' lang='lat' dir='ltr'><strong>Romanum</strong></span> <span class='ocrx_word' id='word_1_32' title='bbox 1459 565 1535 629; x_wconf 61' lang='lat' dir='ltr'><strong>fflf}</strong></span> <span class='ocrx_word' id='word_1_33' title='bbox 1546 564 1636 622; x_wconf 57' lang='grc' dir='ltr'><strong>ἱῖξῗηᾱ,</strong></span> 
     </span>
     <span class='ocr_line' id='line_1_6' title="bbox 177 639 1663 694; baseline -0.001 -13"><span class='ocrx_word' id='word_1_34' title='bbox 177 640 440 692; x_wconf 89' lang='lat' dir='ltr'><strong>pontificem</strong></span> <span class='ocrx_word' id='word_1_35' title='bbox 472 640 598 690; x_wconf 88' lang='lat' dir='ltr'><strong>adiit,</strong></span> <span class='ocrx_word' id='word_1_36' title='bbox 631 645 677 681; x_wconf 88' lang='lat' dir='ltr'><strong>et</strong></span> <span class='ocrx_word' id='word_1_37' title='bbox 707 653 736 681; x_wconf 90' lang='lat' dir='ltr'><strong>a</strong></span> <span class='ocrx_word' id='word_1_38' title='bbox 766 639 986 693; x_wconf 86' lang='lat' dir='ltr'><strong>praedicto</strong></span> <span class='ocrx_word' id='word_1_39' title='bbox 1010 639 1276 694; x_wconf 88' lang='lat' dir='ltr'><strong>juramento</strong></span> <span class='ocrx_word' id='word_1_40' title='bbox 1299 640 1358 681; x_wconf 92' lang='lat' dir='ltr'><strong>ab</strong></span> <span class='ocrx_word' id='word_1_41' title='bbox 1388 653 1443 681; x_wconf 90' lang='lat' dir='ltr'><strong>eo</strong></span> <span class='ocrx_word' id='word_1_42' title='bbox 1461 655 1663 682; x_wconf 60' lang='lat' dir='ltr'><strong>ammirato</strong></span> 
     </span>
    </p>
   </div>
   <div class='ocr_carea' id='block_1_3' title="bbox 177 689 1649 759">
    <p class='ocr_par' dir='ltr' id='par_1_3' title="bbox 177 689 1649 759">
     <span class='ocr_line' id='line_1_7' title="bbox 177 689 1649 759; baseline -0.001 -13"><span class='ocrx_word' id='word_1_43' title='bbox 177 711 396 759; x_wconf 84' lang='lat' dir='ltr'><strong>tanquam</strong></span> <span class='ocrx_word' id='word_1_44' title='bbox 420 711 580 747; x_wconf 90' lang='lat' dir='ltr'><strong>contra</strong></span> <span class='ocrx_word' id='word_1_45' title='bbox 602 705 887 747; x_wconf 83' lang='lat' dir='ltr'><strong>voluntatem</strong></span> <span class='ocrx_word' id='word_1_46' title='bbox 919 709 1120 755; x_wconf 88' lang='lat' dir='ltr'><strong>extorto,</strong></span> <span class='ocrx_word' id='word_1_47' title='bbox 1144 705 1445 746; x_wconf 88' lang='lat' dir='ltr'><strong>absolutionis</strong></span> <span class='ocrx_word' id='word_1_48' title='bbox 1460 689 1649 747; x_wconf 54' lang='lat' dir='ltr'><strong>fflffi‘ik&#39;ssss.</strong></span> 
     </span>
    </p>
   </div>
   <div class='ocr_carea' id='block_1_4' title="bbox 179 756 1662 1351">
    <p class='ocr_par' dir='ltr' id='par_1_4' title="bbox 179 756 1662 1021">
     <span class='ocr_line' id='line_1_8' title="bbox 179 756 1662 825; baseline -0.002 -13"><span class='ocrx_word' id='word_1_49' title='bbox 179 771 448 812; x_wconf 90' lang='lat' dir='ltr'><strong>beneficium</strong></span> <span class='ocrx_word' id='word_1_50' title='bbox 469 773 728 825; x_wconf 87' lang='lat' dir='ltr'><strong>importune</strong></span> <span class='ocrx_word' id='word_1_51' title='bbox 749 770 1017 824; x_wconf 86' lang='lat' dir='ltr'><strong>postulavit.</strong></span> <span class='ocrx_word' id='word_1_52' title='bbox 1081 770 1213 823; x_wconf 86' lang='lat' dir='ltr'><strong>Papa</strong></span> <span class='ocrx_word' id='word_1_53' title='bbox 1231 782 1339 811; x_wconf 86' lang='lat' dir='ltr'><strong>vero</strong></span> <span class='ocrx_word' id='word_1_54' title='bbox 1361 783 1446 811; x_wconf 88' lang='lat' dir='ltr'><strong>sua</strong></span> <span class='ocrx_word' id='word_1_55' title='bbox 1460 756 1662 820; x_wconf 52' lang='lat' dir='ltr'><strong>ffizmfflssff</strong></span> 
     </span>
     <span class='ocr_line' id='line_1_9' title="bbox 180 821 1519 891; baseline -0.001 -13"><span class='ocrx_word' id='word_1_56' title='bbox 180 837 237 878; x_wconf 91' lang='lat' dir='ltr'><strong>ad</strong></span> <span class='ocrx_word' id='word_1_57' title='bbox 263 842 442 891; x_wconf 86' lang='lat' dir='ltr'><strong>tempus</strong></span> <span class='ocrx_word' id='word_1_58' title='bbox 465 836 684 890; x_wconf 89' lang='lat' dir='ltr'><strong>petitione</strong></span> <span class='ocrx_word' id='word_1_59' title='bbox 702 848 940 889; x_wconf 87' lang='lat' dir='ltr'><strong>suspensa,</strong></span> <span class='ocrx_word' id='word_1_60' title='bbox 956 835 1142 877; x_wconf 91' lang='lat' dir='ltr'><strong>tandem</strong></span> <span class='ocrx_word' id='word_1_61' title='bbox 1163 836 1229 876; x_wconf 91' lang='lat' dir='ltr'><strong>rei</strong></span> <span class='ocrx_word' id='word_1_62' title='bbox 1250 835 1446 877; x_wconf 87' lang='lat' dir='ltr'><strong>veritate</strong></span> <span class='ocrx_word' id='word_1_63' title='bbox 1461 821 1519 847; x_wconf 55' lang='grc' dir='ltr'><strong>’ω’</strong></span> 
     </span>
     <span class='ocr_line' id='line_1_10' title="bbox 180 901 1445 956; baseline -0.001 -13"><span class='ocrx_word' id='word_1_64' title='bbox 180 903 382 955; x_wconf 85' lang='lat' dir='ltr'><strong>cognita,</strong></span> <span class='ocrx_word' id='word_1_65' title='bbox 398 903 463 943; x_wconf 92' lang='lat' dir='ltr'><strong>sic</strong></span> <span class='ocrx_word' id='word_1_66' title='bbox 496 903 537 943; x_wconf 90' lang='lat' dir='ltr'><strong>ei</strong></span> <span class='ocrx_word' id='word_1_67' title='bbox 564 902 824 955; x_wconf 88' lang='lat' dir='ltr'><strong>respondit:</strong></span> <span class='ocrx_word' id='word_1_68' title='bbox 855 906 884 924; x_wconf 91' lang='lat'><em>“</em></span> <span class='ocrx_word' id='word_1_69' title='bbox 900 901 1070 952; x_wconf 89' lang='lat' dir='ltr'><strong>lllud‚&#39;’</strong></span> <span class='ocrx_word' id='word_1_70' title='bbox 1086 901 1250 955; x_wconf 89' lang='lat' dir='ltr'><strong>inquit,</strong></span> <span class='ocrx_word' id='word_1_71' title='bbox 1271 905 1300 923; x_wconf 93' lang='lat'><strong>“</strong></span> <span class='ocrx_word' id='word_1_72' title='bbox 1313 901 1445 956; x_wconf 89' lang='lat' dir='ltr'><strong>jura-</strong></span> 
     </span>
     <span class='ocr_line' id='line_1_11' title="bbox 180 966 1447 1021; baseline -0.001 -12"><span class='ocrx_word' id='word_1_73' title='bbox 180 973 383 1010; x_wconf 87' lang='lat' dir='ltr'><strong>mentum</strong></span> <span class='ocrx_word' id='word_1_74' title='bbox 403 968 526 1021; x_wconf 92' lang='lat' dir='ltr'><strong>quod</strong></span> <span class='ocrx_word' id='word_1_75' title='bbox 548 968 806 1021; x_wconf 64' lang='lat' dir='ltr'><strong>praestitisti</strong></span> <span class='ocrx_word' id='word_1_76' title='bbox 840 968 939 1021; x_wconf 84' lang='lat' dir='ltr'><strong>regi</strong></span> <span class='ocrx_word' id='word_1_77' title='bbox 963 966 1222 1021; x_wconf 88' lang='lat' dir='ltr'><strong>Anglorum</strong></span> <span class='ocrx_word' id='word_1_78' title='bbox 1247 967 1303 1008; x_wconf 91' lang='lat' dir='ltr'><strong>de</strong></span> <span class='ocrx_word' id='word_1_79' title='bbox 1333 980 1447 1021; x_wconf 89' lang='lat' dir='ltr'><strong>pace</strong></span> 
     </span>
    </p>

    <p class='ocr_par' dir='ltr' id='par_1_5' title="bbox 182 1033 1450 1088">
     <span class='ocr_line' id='line_1_12' title="bbox 182 1033 1450 1088; baseline -0.001 -13"><span class='ocrx_word' id='word_1_80' title='bbox 182 1039 228 1076; x_wconf 90' lang='lat' dir='ltr'><strong>et</strong></span> <span class='ocrx_word' id='word_1_81' title='bbox 244 1034 488 1076; x_wconf 91' lang='lat' dir='ltr'><strong>concordia</strong></span> <span class='ocrx_word' id='word_1_82' title='bbox 504 1046 649 1088; x_wconf 90' lang='lat' dir='ltr'><strong>usque</strong></span> <span class='ocrx_word' id='word_1_83' title='bbox 666 1034 723 1075; x_wconf 92' lang='lat' dir='ltr'><strong>ad</strong></span> <span class='ocrx_word' id='word_1_84' title='bbox 740 1033 967 1075; x_wconf 91' lang='lat' dir='ltr'><strong>redditum</strong></span> <span class='ocrx_word' id='word_1_85' title='bbox 983 1046 1116 1075; x_wconf 92' lang='lat' dir='ltr'><strong>suum</strong></span> <span class='ocrx_word' id='word_1_86' title='bbox 1133 1033 1450 1074; x_wconf 88' lang='lat' dir='ltr'><strong>conservanda</strong></span> 
     </span>
    </p>

    <p class='ocr_par' dir='ltr' id='par_1_6' title="bbox 183 1098 1449 1154">
     <span class='ocr_line' id='line_1_13' title="bbox 183 1098 1449 1154; baseline -0.001 -13"><span class='ocrx_word' id='word_1_87' title='bbox 183 1113 320 1154; x_wconf 90' lang='lat' dir='ltr'><strong>quam</strong></span> <span class='ocrx_word' id='word_1_88' title='bbox 359 1101 519 1153; x_wconf 91' lang='lat' dir='ltr'><strong>utique</strong></span> <span class='ocrx_word' id='word_1_89' title='bbox 559 1100 773 1153; x_wconf 89' lang='lat' dir='ltr'><strong>princeps</strong></span> <span class='ocrx_word' id='word_1_90' title='bbox 809 1098 1074 1141; x_wconf 90' lang='lat' dir='ltr'><strong>Catholicus</strong></span> <span class='ocrx_word' id='word_1_91' title='bbox 1113 1100 1288 1152; x_wconf 86' lang='lat' dir='ltr'><strong>absque</strong></span> <span class='ocrx_word' id='word_1_92' title='bbox 1316 1099 1449 1153; x_wconf 87' lang='lat' dir='ltr'><strong>jura-</strong></span> 
     </span>
    </p>

    <p class='ocr_par' dir='ltr' id='par_1_7' title="bbox 183 1164 1449 1215">
     <span class='ocr_line' id='line_1_14' title="bbox 183 1164 1449 1215; baseline -0.001 -8"><span class='ocrx_word' id='word_1_93' title='bbox 183 1171 337 1207; x_wconf 91' lang='lat' dir='ltr'><strong>mento</strong></span> <span class='ocrx_word' id='word_1_94' title='bbox 362 1178 636 1207; x_wconf 89' lang='lat' dir='ltr'><strong>conservare</strong></span> <span class='ocrx_word' id='word_1_95' title='bbox 667 1166 856 1207; x_wconf 89' lang='lat' dir='ltr'><strong>deberes</strong></span> <span class='ocrx_word' id='word_1_96' title='bbox 880 1165 1145 1207; x_wconf 90' lang='lat' dir='ltr'><strong>nullatenus</strong></span> <span class='ocrx_word' id='word_1_97' title='bbox 1169 1164 1449 1215; x_wconf 86' lang='lat' dir='ltr'><strong>relaxamus,</strong></span> 
     </span>
    </p>

    <p class='ocr_par' dir='ltr' id='par_1_8' title="bbox 184 1231 1450 1285">
     <span class='ocr_line' id='line_1_15' title="bbox 184 1231 1450 1285; baseline -0.002 -12"><span class='ocrx_word' id='word_1_98' title='bbox 184 1232 262 1273; x_wconf 89' lang='lat' dir='ltr'><strong>sed</strong></span> <span class='ocrx_word' id='word_1_99' title='bbox 287 1237 507 1284; x_wconf 87' lang='lat' dir='ltr'><strong>tanquam</strong></span> <span class='ocrx_word' id='word_1_100' title='bbox 529 1231 771 1273; x_wconf 87' lang='lat' dir='ltr'><strong>honestum</strong></span> <span class='ocrx_word' id='word_1_101' title='bbox 803 1235 849 1272; x_wconf 91' lang='lat' dir='ltr'><strong>et</strong></span> <span class='ocrx_word' id='word_1_102' title='bbox 878 1231 991 1272; x_wconf 90' lang='lat' dir='ltr'><strong>utile</strong></span> <span class='ocrx_word' id='word_1_103' title='bbox 1015 1231 1292 1272; x_wconf 85' lang='lat' dir='ltr'><strong>auctoritate</strong></span> <span class='ocrx_word' id='word_1_104' title='bbox 1314 1243 1450 1285; x_wconf 89' lang='lat' dir='ltr'><strong>apos-</strong></span> 
     </span>
    </p>

    <p class='ocr_par' dir='ltr' id='par_1_9' title="bbox 184 1297 1452 1351">
     <span class='ocr_line' id='line_1_16' title="bbox 184 1297 1452 1351; baseline -0.002 -12"><span class='ocrx_word' id='word_1_105' title='bbox 184 1298 324 1339; x_wconf 91' lang='lat' dir='ltr'><strong>tolica</strong></span> <span class='ocrx_word' id='word_1_106' title='bbox 345 1297 660 1339; x_wconf 80' lang='lat' dir='ltr'><strong>roboramuS.”</strong></span> <span class='ocrx_word' id='word_1_107' title='bbox 731 1297 1060 1350; x_wconf 88' lang='lat' dir='ltr'><strong>Reversusque</strong></span> <span class='ocrx_word' id='word_1_108' title='bbox 1080 1297 1147 1338; x_wconf 88' lang='lat' dir='ltr'><strong>sic</strong></span> <span class='ocrx_word' id='word_1_109' title='bbox 1177 1297 1236 1337; x_wconf 91' lang='lat' dir='ltr'><strong>ad</strong></span> <span class='ocrx_word' id='word_1_110' title='bbox 1267 1297 1452 1351; x_wconf 87' lang='lat' dir='ltr'><strong>propria</strong></span> 
     </span>
    </p>
   </div>
   <div class='ocr_carea' id='block_1_5' title="bbox 187 1362 1452 1416">
    <p class='ocr_par' dir='ltr' id='par_1_10' title="bbox 187 1362 1452 1416">
     <span class='ocr_line' id='line_1_17' title="bbox 187 1362 1452 1416; baseline 0.001 -13"><span class='ocrx_word' id='word_1_111' title='bbox 187 1377 277 1404; x_wconf 92' lang='lat' dir='ltr'><strong>non</strong></span> <span class='ocrx_word' id='word_1_112' title='bbox 301 1363 483 1416; x_wconf 90' lang='lat' dir='ltr'><strong>quidem</strong></span> <span class='ocrx_word' id='word_1_113' title='bbox 517 1363 744 1416; x_wconf 86' lang='lat' dir='ltr'><strong>gloriosus</strong></span> <span class='ocrx_word' id='word_1_114' title='bbox 768 1362 955 1403; x_wconf 88' lang='lat' dir='ltr'><strong>effectus</strong></span> <span class='ocrx_word' id='word_1_115' title='bbox 979 1363 1060 1403; x_wconf 91' lang='lat' dir='ltr'><strong>sed</strong></span> <span class='ocrx_word' id='word_1_116' title='bbox 1096 1363 1251 1416; x_wconf 87' lang='lat' dir='ltr'><strong>potius</strong></span> <span class='ocrx_word' id='word_1_117' title='bbox 1286 1363 1452 1404; x_wconf 88' lang='lat' dir='ltr'><strong>rubore</strong></span> 
     </span>
    </p>
   </div>
   <div class='ocr_carea' id='block_1_6' title="bbox 1461 455 1659 462">
    <p class='ocr_par' dir='ltr' id='par_1_11' title="bbox 1461 455 1659 462">
     <span class='ocr_line' id='line_1_18' title="bbox 1461 455 1659 462; baseline 0 2724"><span class='ocrx_word' id='word_1_118' title='bbox 1461 455 1659 462; x_wconf 95' lang='lat' dir='ltr'><strong> </strong></span> 
     </span>
    </p>
   </div>
   <div class='ocr_carea' id='block_1_7' title="bbox 118 1428 1453 1482">
    <p class='ocr_par' dir='ltr' id='par_1_12' title="bbox 118 1428 1453 1482">
     <span class='ocr_line' id='line_1_19' title="bbox 118 1428 1453 1482; baseline -0.002 -10"><span class='ocrx_word' id='word_1_119' title='bbox 118 1468 123 1472; x_wconf 92' lang='lat'>.</span> <span class='ocrx_word' id='word_1_120' title='bbox 186 1429 434 1480; x_wconf 84' lang='lat' dir='ltr'><strong>confusus;</strong></span> <span class='ocrx_word' id='word_1_121' title='bbox 483 1429 739 1470; x_wconf 89' lang='lat' dir='ltr'><strong>dicentibus</strong></span> <span class='ocrx_word' id='word_1_122' title='bbox 785 1434 938 1470; x_wconf 90' lang='lat' dir='ltr'><strong>tamen</strong></span> <span class='ocrx_word' id='word_1_123' title='bbox 972 1429 1070 1469; x_wconf 90' lang='lat' dir='ltr'><strong>suis</strong></span> <span class='ocrx_word' id='word_1_124' title='bbox 1113 1428 1170 1469; x_wconf 88' lang='lat' dir='ltr'><strong>ad</strong></span> <span class='ocrx_word' id='word_1_125' title='bbox 1218 1432 1453 1482; x_wconf 86' lang='lat' dir='ltr'><strong>‘purgan-</strong></span> 
     </span>
    </p>
   </div>
   <div class='ocr_carea' id='block_1_8' title="bbox 185 1492 1452 1679">
    <p class='ocr_par' dir='ltr' id='par_1_13' title="bbox 185 1492 1452 1679">
     <span class='ocr_line' id='line_1_20' title="bbox 185 1492 1452 1548; baseline 0 -13"><span class='ocrx_word' id='word_1_126' title='bbox 185 1496 290 1535; x_wconf 90' lang='lat' dir='ltr'><strong>dum</strong></span> <span class='ocrx_word' id='word_1_127' title='bbox 311 1494 346 1516; x_wconf 83' lang='lat'><strong>’¹</strong></span> <span class='ocrx_word' id='word_1_128' title='bbox 389 1494 510 1547; x_wconf 87' lang='lat' dir='ltr'><strong>regis</strong></span> <span class='ocrx_word' id='word_1_129' title='bbox 548 1495 620 1535; x_wconf 88' lang='lat' dir='ltr'><strong>sui</strong></span> <span class='ocrx_word' id='word_1_130' title='bbox 660 1494 871 1544; x_wconf 85' lang='lat' dir='ltr'><strong>reditum,</strong></span> <span class='ocrx_word' id='word_1_131' title='bbox 909 1494 1031 1547; x_wconf 94' lang='lat' dir='ltr'><strong>quod</strong></span> <span class='ocrx_word' id='word_1_132' title='bbox 1074 1507 1157 1535; x_wconf 85' lang='lat' dir='ltr'><strong>rex</strong></span> <span class='ocrx_word' id='word_1_133' title='bbox 1195 1492 1452 1548; x_wconf 88' lang='lat' dir='ltr'><strong>Anglorum</strong></span> 
     </span>
     <span class='ocr_line' id='line_1_21' title="bbox 186 1560 1452 1615; baseline 0.001 -14"><span class='ocrx_word' id='word_1_134' title='bbox 186 1561 401 1601; x_wconf 82' lang='lat' dir='ltr'><strong>insidiose</strong></span> <span class='ocrx_word' id='word_1_135' title='bbox 454 1564 500 1600; x_wconf 87' lang='lat' dir='ltr'><strong>et</strong></span> <span class='ocrx_word' id='word_1_136' title='bbox 547 1561 756 1613; x_wconf 88' lang='lat' dir='ltr'><strong>nequiter</strong></span> <span class='ocrx_word' id='word_1_137' title='bbox 798 1560 1045 1613; x_wconf 80' lang='lat' dir='ltr'><strong>quaerendo</strong></span> <span class='ocrx_word' id='word_1_138' title='bbox 1089 1561 1287 1601; x_wconf 90' lang='lat' dir='ltr'><strong>animam</strong></span> <span class='ocrx_word' id='word_1_139' title='bbox 1334 1560 1452 1615; x_wconf 84' lang='lat' dir='ltr'><strong>ejus,</strong></span> 
     </span>
     <span class='ocr_line' id='line_1_22' title="bbox 187 1626 1142 1679; baseline 0 -12"><span class='ocrx_word' id='word_1_140' title='bbox 187 1632 348 1668; x_wconf 87' lang='lat' dir='ltr'><strong>contra</strong></span> <span class='ocrx_word' id='word_1_141' title='bbox 374 1626 655 1679; x_wconf 89' lang='lat' dir='ltr'><strong>propositum</strong></span> <span class='ocrx_word' id='word_1_142' title='bbox 676 1626 823 1667; x_wconf 88' lang='lat' dir='ltr'><strong>redire</strong></span> <span class='ocrx_word' id='word_1_143' title='bbox 844 1626 1142 1679; x_wconf 82' lang='lat' dir='ltr'><strong>compulerat.</strong></span> 
     </span>
    </p>
   </div>
   <div class='ocr_carea' id='block_1_9' title="bbox 287 1772 1344 1828">
    <p class='ocr_par' dir='ltr' id='par_1_14' title="bbox 287 1772 1344 1828">
     <span class='ocr_line' id='line_1_23' title="bbox 287 1772 1344 1828; baseline 0.001 -15"><span class='ocrx_word' id='word_1_144' title='bbox 287 1773 352 1813; x_wconf 76' lang='lat' dir='ltr'><strong>De</strong></span> <span class='ocrx_word' id='word_1_145' title='bbox 379 1773 508 1814; x_wconf 78' lang='lat' dir='ltr'><strong>Gestis</strong></span> <span class='ocrx_word' id='word_1_146' title='bbox 528 1774 573 1814; x_wconf 77' lang='lat' dir='ltr'><strong>in</strong></span> <span class='ocrx_word' id='word_1_147' title='bbox 595 1772 755 1828; x_wconf 74' lang='lat' dir='ltr'><strong>Anylia</strong></span> <span class='ocrx_word' id='word_1_148' title='bbox 779 1772 825 1814; x_wconf 76' lang='lat' dir='ltr'><strong>in</strong></span> <span class='ocrx_word' id='word_1_149' title='bbox 848 1773 1188 1828; x_wconf 76' lang='lat' dir='ltr'><strong>Pereyrinatione</strong></span> <span class='ocrx_word' id='word_1_150' title='bbox 1206 1772 1344 1828; x_wconf 66' lang='lat' dir='ltr'><strong>Reqis.</strong></span> 
     </span>
    </p>
   </div>
   <div class='ocr_carea' id='block_1_10' title="bbox 190 1886 1644 2662">
    <p class='ocr_par' dir='ltr' id='par_1_15' title="bbox 190 1886 1644 2662">
     <span class='ocr_line' id='line_1_24' title="bbox 256 1886 1644 1942; baseline -0.001 -14"><span class='ocrx_word' id='word_1_151' title='bbox 256 1887 581 1928; x_wconf 88' lang='lat' dir='ltr'><strong>Reflectendus</strong></span> <span class='ocrx_word' id='word_1_152' title='bbox 621 1891 693 1928; x_wconf 87' lang='lat' dir='ltr'><strong>est</strong></span> <span class='ocrx_word' id='word_1_153' title='bbox 729 1886 865 1928; x_wconf 89' lang='lat' dir='ltr'><strong>modo</strong></span> <span class='ocrx_word' id='word_1_154' title='bbox 895 1886 1045 1941; x_wconf 88' lang='lat' dir='ltr'><strong>stylus</strong></span> <span class='ocrx_word' id='word_1_155' title='bbox 1084 1887 1142 1928; x_wconf 91' lang='lat' dir='ltr'><strong>ab</strong></span> <span class='ocrx_word' id='word_1_156' title='bbox 1189 1887 1378 1928; x_wconf 89' lang='lat' dir='ltr'><strong>Oriente</strong></span> <span class='ocrx_word' id='word_1_157' title='bbox 1408 1886 1455 1927; x_wconf 89' lang='lat' dir='ltr'><strong>in</strong></span> <span class='ocrx_word' id='word_1_158' title='bbox 1473 1902 1591 1942; x_wconf 66' lang='lat' dir='ltr'><strong>English</strong></span> <span class='ocrx_word' id='word_1_159' title='bbox 1604 1901 1644 1927; x_wconf 66' lang='lat' dir='ltr'><strong>ar-</strong></span> 
     </span>
     <span class='ocr_line' id='line_1_25' title="bbox 190 1937 1549 2006; baseline 0 -13"><span class='ocrx_word' id='word_1_160' title='bbox 190 1957 392 1994; x_wconf 87' lang='lat' dir='ltr'><strong>nostrum</strong></span> <span class='ocrx_word' id='word_1_161' title='bbox 438 1953 749 2003; x_wconf 89' lang='lat' dir='ltr'><strong>Occidentem,</strong></span> <span class='ocrx_word' id='word_1_162' title='bbox 800 1957 852 1993; x_wconf 91' lang='lat' dir='ltr'><strong>ut</strong></span> <span class='ocrx_word' id='word_1_163' title='bbox 900 1952 1075 2006; x_wconf 91' lang='lat' dir='ltr'><strong>liquere</strong></span> <span class='ocrx_word' id='word_1_164' title='bbox 1117 1954 1264 2005; x_wconf 89' lang='lat' dir='ltr'><strong>possit</strong></span> <span class='ocrx_word' id='word_1_165' title='bbox 1306 1952 1457 2006; x_wconf 88' lang='lat' dir='ltr'><strong>qualis</strong></span> <span class='ocrx_word' id='word_1_166' title='bbox 1472 1937 1549 1962; x_wconf 67' lang='lat'>‘⁸¹¹⁸&#39;</span> 
     </span>
     <span class='ocr_line' id='line_1_26' title="bbox 190 2018 1456 2072; baseline 0.001 -14"><span class='ocrx_word' id='word_1_167' title='bbox 190 2019 317 2072; x_wconf 86' lang='lat' dir='ltr'><strong>regni</strong></span> <span class='ocrx_word' id='word_1_168' title='bbox 349 2018 534 2072; x_wconf 87' lang='lat' dir='ltr'><strong>Anglici</strong></span> <span class='ocrx_word' id='word_1_169' title='bbox 565 2022 716 2060; x_wconf 90' lang='lat' dir='ltr'><strong>status</strong></span> <span class='ocrx_word' id='word_1_170' title='bbox 752 2018 801 2059; x_wconf 90' lang='lat' dir='ltr'><strong>in</strong></span> <span class='ocrx_word' id='word_1_171' title='bbox 837 2018 959 2070; x_wconf 86' lang='lat' dir='ltr'><strong>regis</strong></span> <span class='ocrx_word' id='word_1_172' title='bbox 998 2019 1208 2060; x_wconf 86' lang='lat' dir='ltr'><strong>absentia</strong></span> <span class='ocrx_word' id='word_1_173' title='bbox 1238 2018 1456 2060; x_wconf 85' lang='lat' dir='ltr'><strong>extiterit.</strong></span> 
     </span>
     <span class='ocr_line' id='line_1_27' title="bbox 194 2084 1455 2138; baseline 0 -14"><span class='ocrx_word' id='word_1_174' title='bbox 194 2084 322 2124; x_wconf 89' lang='lat' dir='ltr'><strong>Idem</strong></span> <span class='ocrx_word' id='word_1_175' title='bbox 346 2098 445 2134; x_wconf 87' lang='lat' dir='ltr'><strong>rex,</strong></span> <span class='ocrx_word' id='word_1_176' title='bbox 470 2089 522 2125; x_wconf 92' lang='lat' dir='ltr'><strong>ut</strong></span> <span class='ocrx_word' id='word_1_177' title='bbox 551 2084 764 2138; x_wconf 87' lang='lat' dir='ltr'><strong>superius</strong></span> <span class='ocrx_word' id='word_1_178' title='bbox 791 2084 964 2125; x_wconf 88' lang='lat' dir='ltr'><strong>dictum</strong></span> <span class='ocrx_word' id='word_1_179' title='bbox 996 2088 1082 2134; x_wconf 90' lang='lat' dir='ltr'><strong>est,</strong></span> <span class='ocrx_word' id='word_1_180' title='bbox 1104 2084 1161 2125; x_wconf 89' lang='lat' dir='ltr'><strong>ad</strong></span> <span class='ocrx_word' id='word_1_181' title='bbox 1185 2084 1455 2126; x_wconf 87' lang='lat' dir='ltr'><strong>orientalem</strong></span> 
     </span>
     <span class='ocr_line' id='line_1_28' title="bbox 192 2149 1457 2203; baseline 0.001 -13"><span class='ocrx_word' id='word_1_182' title='bbox 192 2150 430 2202; x_wconf 83' lang='lat' dir='ltr'><strong>egrediens</strong></span> <span class='ocrx_word' id='word_1_183' title='bbox 470 2149 809 2202; x_wconf 86' lang='lat' dir='ltr'><strong>expeditionem</strong></span> <span class='ocrx_word' id='word_1_184' title='bbox 854 2149 1043 2202; x_wconf 89' lang='lat' dir='ltr'><strong>Elyensi</strong></span> <span class='ocrx_word' id='word_1_185' title='bbox 1088 2150 1305 2203; x_wconf 89' lang='lat' dir='ltr'><strong>episcopo</strong></span> <span class='ocrx_word' id='word_1_186' title='bbox 1348 2162 1457 2191; x_wconf 92' lang='lat' dir='ltr'><strong>can-</strong></span> 
     </span>
     <span class='ocr_line' id='line_1_29' title="bbox 192 2214 1458 2268; baseline -0.001 -12"><span class='ocrx_word' id='word_1_187' title='bbox 192 2215 377 2256; x_wconf 89' lang='lat' dir='ltr'><strong>cellario</strong></span> <span class='ocrx_word' id='word_1_188' title='bbox 404 2228 488 2256; x_wconf 92' lang='lat' dir='ltr'><strong>suo</strong></span> <span class='ocrx_word' id='word_1_189' title='bbox 517 2215 638 2255; x_wconf 91' lang='lat' dir='ltr'><strong>vices</strong></span> <span class='ocrx_word' id='word_1_190' title='bbox 674 2227 783 2255; x_wconf 90' lang='lat' dir='ltr'><strong>suas</strong></span> <span class='ocrx_word' id='word_1_191' title='bbox 815 2214 863 2254; x_wconf 92' lang='lat' dir='ltr'><strong>in</strong></span> <span class='ocrx_word' id='word_1_192' title='bbox 895 2214 1290 2256; x_wconf 88' lang='lat' dir='ltr'><strong>administratione</strong></span> <span class='ocrx_word' id='word_1_193' title='bbox 1326 2215 1458 2268; x_wconf 83' lang='lat' dir='ltr'><strong>regni</strong></span> 
     </span>
     <span class='ocr_line' id='line_1_30' title="bbox 192 2279 1460 2333; baseline -0.002 -11"><span class='ocrx_word' id='word_1_194' title='bbox 192 2281 495 2330; x_wconf 88' lang='lat' dir='ltr'><strong>commiserat,</strong></span> <span class='ocrx_word' id='word_1_195' title='bbox 538 2293 641 2321; x_wconf 91' lang='lat' dir='ltr'><strong>cum</strong></span> <span class='ocrx_word' id='word_1_196' title='bbox 685 2279 1013 2321; x_wconf 90' lang='lat' dir='ltr'><strong>munitionibus</strong></span> <span class='ocrx_word' id='word_1_197' title='bbox 1055 2280 1193 2332; x_wconf 88' lang='lat' dir='ltr'><strong>regiis</strong></span> <span class='ocrx_word' id='word_1_198' title='bbox 1228 2285 1275 2321; x_wconf 88' lang='lat' dir='ltr'><strong>et</strong></span> <span class='ocrx_word' id='word_1_199' title='bbox 1315 2280 1460 2333; x_wconf 90' lang='lat' dir='ltr'><strong>pleni-</strong></span> 
     </span>
     <span class='ocr_line' id='line_1_31' title="bbox 194 2345 1459 2399; baseline 0 -13"><span class='ocrx_word' id='word_1_200' title='bbox 194 2346 352 2387; x_wconf 86' lang='lat' dir='ltr'><strong>tudine</strong></span> <span class='ocrx_word' id='word_1_201' title='bbox 387 2347 646 2399; x_wconf 89' lang='lat' dir='ltr'><strong>potestatis.</strong></span> <span class='ocrx_word' id='word_1_202' title='bbox 708 2345 802 2396; x_wconf 87' lang='lat' dir='ltr'><strong>Qui</strong></span> <span class='ocrx_word' id='word_1_203' title='bbox 826 2346 1070 2398; x_wconf 88' lang='lat' dir='ltr'><strong>episcopus</strong></span> <span class='ocrx_word' id='word_1_204' title='bbox 1098 2358 1201 2386; x_wconf 90' lang='lat' dir='ltr'><strong>cum</strong></span> <span class='ocrx_word' id='word_1_205' title='bbox 1228 2350 1350 2386; x_wconf 88' lang='lat' dir='ltr'><strong>esset</strong></span> <span class='ocrx_word' id='word_1_206' title='bbox 1377 2358 1459 2386; x_wconf 88' lang='lat' dir='ltr'><strong>au-</strong></span> 
     </span>
     <span class='ocr_line' id='line_1_32' title="bbox 192 2410 1462 2464; baseline 0 -12"><span class='ocrx_word' id='word_1_207' title='bbox 192 2412 335 2452; x_wconf 85' lang='lat' dir='ltr'><strong>daciae</strong></span> <span class='ocrx_word' id='word_1_208' title='bbox 367 2412 640 2464; x_wconf 70' lang='lat' dir='ltr'><strong>astutiaeque</strong></span> <span class='ocrx_word' id='word_1_209' title='bbox 672 2411 934 2464; x_wconf 84' lang='lat' dir='ltr'><strong>singularis,</strong></span> <span class='ocrx_word' id='word_1_210' title='bbox 966 2423 1136 2463; x_wconf 85' lang='lat' dir='ltr'><strong>magna</strong></span> <span class='ocrx_word' id='word_1_211' title='bbox 1163 2423 1343 2451; x_wconf 85' lang='lat' dir='ltr'><strong>summa</strong></span> <span class='ocrx_word' id='word_1_212' title='bbox 1364 2410 1462 2452; x_wconf 90' lang='lat' dir='ltr'><strong>Ro-</strong></span> 
     </span>
     <span class='ocr_line' id='line_1_33' title="bbox 195 2476 1460 2530; baseline 0.002 -14"><span class='ocrx_word' id='word_1_213' title='bbox 195 2490 314 2517; x_wconf 87' lang='lat' dir='ltr'><strong>mam</strong></span> <span class='ocrx_word' id='word_1_214' title='bbox 344 2477 630 2526; x_wconf 88' lang='lat' dir='ltr'><strong>transmissa,</strong></span> <span class='ocrx_word' id='word_1_215' title='bbox 659 2477 783 2517; x_wconf 87' lang='lat' dir='ltr'><strong>vices</strong></span> <span class='ocrx_word' id='word_1_216' title='bbox 810 2489 994 2530; x_wconf 91' lang='lat' dir='ltr'><strong>quoque</strong></span> <span class='ocrx_word' id='word_1_217' title='bbox 1034 2476 1300 2529; x_wconf 84' lang='lat' dir='ltr'><strong>apostolicae</strong></span> <span class='ocrx_word' id='word_1_218' title='bbox 1337 2476 1460 2518; x_wconf 90' lang='lat' dir='ltr'><strong>sedis</strong></span> 
     </span>
     <span class='ocr_line' id='line_1_34' title="bbox 196 2541 1461 2596; baseline 0.001 -14"><span class='ocrx_word' id='word_1_219' title='bbox 196 2543 343 2596; x_wconf 89' lang='lat' dir='ltr'><strong>petiit,</strong></span> <span class='ocrx_word' id='word_1_220' title='bbox 364 2547 410 2583; x_wconf 88' lang='lat' dir='ltr'><strong>et</strong></span> <span class='ocrx_word' id='word_1_221' title='bbox 430 2542 513 2583; x_wconf 90' lang='lat' dir='ltr'><strong>tali</strong></span> <span class='ocrx_word' id='word_1_222' title='bbox 530 2542 853 2582; x_wconf 88' lang='lat' dir='ltr'><strong>intercessione</strong></span> <span class='ocrx_word' id='word_1_223' title='bbox 872 2541 1007 2582; x_wconf 90' lang='lat' dir='ltr'><strong>facile</strong></span> <span class='ocrx_word' id='word_1_224' title='bbox 1029 2542 1307 2595; x_wconf 88' lang='lat' dir='ltr'><strong>impetravit.</strong></span> <span class='ocrx_word' id='word_1_225' title='bbox 1370 2542 1461 2583; x_wconf 92' lang='lat' dir='ltr'><strong>De-</strong></span> 
     </span>
     <span class='ocr_line' id='line_1_35' title="bbox 196 2607 1462 2662; baseline 0.001 -14"><span class='ocrx_word' id='word_1_226' title='bbox 196 2608 331 2662; x_wconf 90' lang='lat' dir='ltr'><strong>nique</strong></span> <span class='ocrx_word' id='word_1_227' title='bbox 356 2612 407 2648; x_wconf 93' lang='lat' dir='ltr'><strong>ut</strong></span> <span class='ocrx_word' id='word_1_228' title='bbox 429 2607 486 2648; x_wconf 89' lang='lat' dir='ltr'><strong>ad</strong></span> <span class='ocrx_word' id='word_1_229' title='bbox 508 2620 735 2648; x_wconf 88' lang='lat' dir='ltr'><strong>summum</strong></span> <span class='ocrx_word' id='word_1_230' title='bbox 765 2612 952 2648; x_wconf 84' lang='lat' dir='ltr'><strong>evectus</strong></span> <span class='ocrx_word' id='word_1_231' title='bbox 973 2607 1220 2657; x_wconf 88' lang='lat' dir='ltr'><strong>videretur,</strong></span> <span class='ocrx_word' id='word_1_232' title='bbox 1247 2607 1462 2661; x_wconf 80' lang='lat' dir='ltr'><strong>generale</strong></span> 
     </span>
    </p>
   </div>
   <div class='ocr_carea' id='block_1_11' title="bbox 270 2704 493 2708">
    <p class='ocr_par' dir='ltr' id='par_1_16' title="bbox 270 2704 493 2708">
     <span class='ocr_line' id='line_1_36' title="bbox 270 2704 493 2708; baseline 0 0"><span class='ocrx_word' id='word_1_233' title='bbox 270 2704 493 2708; x_wconf 95' lang='lat' dir='ltr'><strong> </strong></span> 
     </span>
    </p>
   </div>
   <div class='ocr_carea' id='block_1_12' title="bbox 310 2739 1356 2781">
    <p class='ocr_par' dir='ltr' id='par_1_17' title="bbox 310 2739 1356 2781">
     <span class='ocr_line' id='line_1_37' title="bbox 310 2739 1356 2781; baseline 0 -9"><span class='ocrx_word' id='word_1_234' title='bbox 310 2740 317 2758; x_wconf 90' lang='lat'>¹</span> <span class='ocrx_word' id='word_1_235' title='bbox 344 2743 351 2758; x_wconf 92' lang='lat'>‘</span> <span class='ocrx_word' id='word_1_236' title='bbox 365 2741 575 2781; x_wconf 84' lang='lat' dir='ltr'><strong>purgandum</strong></span> <span class='ocrx_word' id='word_1_237' title='bbox 593 2739 839 2780; x_wconf 82' lang='lat' dir='ltr'><strong>quodammodo</strong></span> <span class='ocrx_word' id='word_1_238' title='bbox 855 2740 1119 2780; x_wconf 83' lang='lat' dir='ltr'><strong>praematurum,’</strong></span> <span class='ocrx_word' id='word_1_239' title='bbox 1137 2740 1212 2772; x_wconf 89' lang='lat' dir='ltr'><strong>MS.</strong></span> <span class='ocrx_word' id='word_1_240' title='bbox 1231 2740 1356 2773; x_wconf 77' lang='lat' dir='ltr'><strong>Lansd.</strong></span> 
     </span>
    </p>
   </div>
  </div>
 </body>
</html>
