1866 3186
409 255 497 296 316
903 267 1178 298 cnuomcoN

216 376 387 435 Henry1113
415 369 597 409 tertiam
637 373 789 409 autem
834 368 931 421 ipse
971 381 1054 409 rex
1087 381 1189 409 cum
1223 369 1514 421 magnatibus
1549 367 1670 415 suis;

212 410 297 435 A.D.

198 464 291 490 Battle
304 465 335 490 of

198 497 303 523 Lewes.

415 437 626 485 quartam
648 446 758 474 vero
788 433 932 474 aciem
964 446 1055 474 non
1088 434 1326 474 constituit
1345 447 1445 483 rex,
1476 446 1530 473 eo
1551 433 1672 485 quod

414 497 569 550 plures
616 498 880 539 vexillarios
911 498 1158 551 reliquerat
1196 502 1302 551 post
1335 511 1384 539 se
1420 499 1477 539 ad
1518 503 1672 539 custo-

414 562 626 603 diendum
651 563 808 604 villam
829 568 876 604 et
903 568 1103 604 castrum
1133 563 1190 604 de
1221 563 1481 616 Tunebrige
1514 568 1673 603 contra

414 628 625 668 comitem
654 627 971 676 Gloucestriae,
1006 634 1052 669 et
1082 633 1182 669 erat
1215 628 1278 668 ibi
1305 628 1522 681 juvenilis
1559 632 1672 668 aetas

413 693 543 745 quasi
576 693 718 733 totius
755 693 929 734 militiae
957 706 1068 742 suae,
1089 706 1181 734 non
1208 693 1327 733 enim
1351 692 1561 733 credebat
1589 705 1672 732 rex

413 757 660 798 adventum
682 759 904 798 baronum
924 763 1019 799 tam
1036 759 1368 811 propinquum:
1402 758 1672 811 praeparatis

412 822 568 875 itaque
590 822 694 864 hinc
715 828 760 863 et
784 823 889 863 inde
924 824 1106 864 aciebus
1137 823 1501 864 exhortabantur
1523 822 1579 862 ad
1604 822 1670 862 in-

412 887 558 927 vicem
589 887 647 928 ad
676 892 859 928 strenue
894 888 1196 937 militandum,
1222 893 1268 929 et
1301 892 1510 928 conserto
1541 888 1672 939 gravi

372 957 380 963 '
412 952 575 1004 proelio
608 957 877 993 corruerunt
910 953 1043 993 multi
1074 953 1306 1006 pedestres
1330 953 1462 1004 quasi
1497 952 1544 991 in
1576 965 1672 992 mo-

412 1021 596 1064 ment03
645 1018 893 1069 statimque
939 1017 1059 1058 filius
1109 1019 1230 1070 regis
1273 1017 1527 1058 Edwardus
1568 1029 1671 1057 cum

413 1081 511 1121 acie
543 1094 642 1131 sua,
663 1086 824 1134 utpote
848 1081 1031 1135 juvenis
1066 1095 1171 1122 acer
1206 1087 1252 1123 et
1281 1082 1410 1122 miles
1442 1086 1671 1130 strenuus,

412 1145 544 1187 irruit
565 1147 612 1186 in
630 1146 786 1187 hostes
811 1160 913 1187 cum
936 1151 1065 1188 tanto
1085 1148 1258 1199 impetu
1274 1147 1395 1200 quod
1417 1159 1494 1187 eos
1528 1152 1671 1187 retro-

414 1211 573 1252 cedere
605 1212 824 1264 compulit
854 1212 1006 1265 spatio
1042 1225 1226 1264 magno,
1258 1213 1325 1252 ita
1360 1211 1481 1264 quod
1521 1216 1673 1264 poste-

414 1276 557 1316 riores
575 1277 759 1329 quidam
792 1290 850 1317 ex
886 1273 1213 1318 retrocessione
1233 1277 1468 1317 credentes
1502 1277 1672 1328 primos

416 1342 657 1390 corruisse,
678 1342 895 1394 fugerunt
914 1342 1082 1395 plures,
1097 1347 1142 1382 et
1161 1355 1293 1394 aquae
1307 1354 1355 1382 se
1371 1341 1605 1381 credentes
1621 1346 1673 1381 ut

415 1407 663 1447 transirent
692 1407 913 1447 submersi
942 1412 1050 1447 sunt
1079 1407 1244 1447 milites
1273 1406 1452 1447 circiter
1476 1417 1557 1446 Lx.
1583 1418 1670 1446 cae-

415 1471 568 1523 sisque
618 1471 846 1524 aliquibus
884 1471 1098 1523 fugerunt
1139 1472 1296 1512 statim
1332 1471 1672 1511 Londonienses

416 1537 495 1588 qui
515 1537 685 1588 primos
715 1537 834 1576 ictus
865 1537 1105 1589 petierant,
1129 1536 1237 1576 belli
1257 1536 1517 1576 discrimina
1541 1536 1670 1587 igno-

415 1605 587 1650 rantes,
610 1614 724 1653 quos
754 1602 1081 1653 insequebatur
1108 1601 1363 1642 Edwardus
1387 1613 1488 1641 cum
1522 1605 1671 1641 turma

414 1678 514 1715 sua,
536 1666 715 1706 caedens
747 1671 978 1707 extremos
1002 1679 1157 1707 eorum
1193 1666 1344 1719 spatio
1375 1666 1568 1706 duorum
1599 1666 1671 1706 vel

414 1731 552 1770 trium
573 1731 850 1781 milliarium,
873 1744 950 1772 eos
972 1733 1091 1772 enim
1109 1732 1306 1772 habebat
1327 1743 1492 1771 exosos
1514 1743 1597 1783 pro
1618 1743 1671 1770 eo

415 1796 536 1847 quod
573 1801 856 1837 recesserant
876 1809 903 1836 a
924 1801 1070 1848 patre,
1092 1802 1138 1838 et
1158 1802 1350 1837 matrem
1385 1809 1515 1837 suam
1535 1795 1673 1835 deho-

414 1866 709 1902 nestaverant
732 1875 835 1902 cum
856 1874 884 1902 a
901 1862 1310 1903 Westmonasterio
1334 1874 1480 1914 usque
1500 1861 1671 1913 regiam

415 1930 586 1966 turrem
626 1940 706 1978 per
748 1939 912 1978 aquam
957 1927 1218 1967 Thamesim
1270 1927 1522 1977 navigaret,
1566 1938 1671 1977 pro-

409 1989 623 2043 jicientes
663 2004 720 2031 ex
769 1995 907 2043 ponte
948 1990 995 2030 in
1042 2003 1202 2032 navem
1250 1991 1394 2043 ipsius
1435 1990 1583 2030 lutum
1628 1996 1673 2030 et

416 2055 605 2108 lapides,
650 2060 695 2096 et
739 2055 1068 2096 contumeliosa
1119 2056 1256 2096 verba
1290 2055 1603 2107 ‘protulerant
1621 2053 1671 2104 ;'¹

414 2119 592 2160 interim
619 2133 726 2160 vero
751 2121 858 2160 dum
888 2121 954 2160 sic
988 2126 1254 2173 sequeretur
1282 2120 1508 2172 fugientes
1531 2120 1672 2160 irrue-

416 2190 523 2226 runt
554 2186 748 2226 barones
778 2186 825 2225 in
859 2186 1000 2226 aciem
1023 2187 1143 2238 regis
1166 2185 1429 2234 secundam,
1449 2185 1674 2237 periitque

417 2250 517 2303 ejus
548 2263 654 2302 pars
687 2251 887 2291 maxima
917 2256 963 2296 et
995 2256 1157 2303 captus
1190 2256 1261 2291 est
1283 2263 1366 2290 rex
1391 2249 1673 2290 Alemanniae

417 2328 519 2355 cum
547 2315 752 2356 Roberto
785 2315 839 2355 de
875 2316 1024 2368 Bruys
1061 2321 1107 2356 et
1142 2315 1353 2356 Johanne
1389 2314 1565 2367 Comyn
1596 2315 1674 2367 qui

418 2380 580 2420 Scotos
623 2380 913 2421 adduxerant
945 2393 1225 2429 numerosos,
1254 2380 1575 2432 perforataque
1605 2383 1675 2419 est

418 2445 539 2485 acies
580 2445 725 2497 ipsius
771 2446 889 2496 regis
933 2450 978 2485 et
1019 2445 1281 2485 dextrarius
1323 2445 1422 2498 ejus
1471 2445 1673 2493 occisus3

418 2522 611 2562 cumque
636 2510 857 2550 vidissent
887 2510 956 2550 sui
989 2510 1157 2550 multos
1191 2510 1413 2550 corruisse
1442 2514 1487 2550 et
1518 2521 1675 2561 quam-

418 2574 572 2626 plures
604 2574 761 2626 fugam
792 2575 960 2624 iniisse,
987 2575 1267 2615 reduxerunt
1289 2588 1442 2627 regem
1466 2575 1511 2614 in
1536 2574 1675 2614 abba·

467 2721 473 2739 ¹
499 2724 507 2740 ‘
522 2723 773 2764 prompserant,'
789 2724 863 2755 MS.
880 2724 965 2755 Coll.
982 2724 1075 2755 Arm.
1089 2734 1098 2762 ;
1121 2725 1130 2741 ‘
1144 2723 1388 2763 promsieraut,’
1406 2724 1481 2753 MS.
1500 2722 1621 2752 Lansd.
