1866 3186
402 280 459 322 18
892 290 1169 322 ennomcoN

208 407 334 432 winiam
347 406 370 431 1.
403 395 513 436 dere
543 399 737 447 poterat.
808 393 868 435 Et
899 399 1070 436 vexata
1096 399 1195 436 erat
1226 399 1350 435 terra
1387 399 1433 437 et
1464 397 1659 446 gravata

205 442 240 466 A'
254 441 288 464 D'
303 440 378 464 ηδ’
409 474 469 501 ex
490 460 646 501 multis
667 459 870 500 cladibus
890 459 995 500 inde
1015 460 1378 513 procedentibus,
1399 465 1445 501 et
1464 460 1663 501 maxime

409 526 520 579 quia
541 525 682 579 pestis
702 530 802 566 erat
832 525 1035 566 maxima
1062 526 1323 566 animalium
1354 531 1400 567 et
1417 521 1597 574 ovium,
1619 530 1664 565 et

191 604 393 643 Princeflenry
410 591 528 632 aeris
547 591 836 644 intemperies
855 603 1038 643 magna.
1084 590 1258 632 Eodem
1277 604 1397 632 anno
1415 604 1499 632 rex
1520 591 1662 631 filium

190 637 335 669 kmgmed.
407 670 541 698 suum
574 657 827 698 Henricum
861 657 999 697 armis
1033 656 1303 698 militaribus
1334 657 1591 706 honoravit,
1619 661 1666 696 et

408 723 672 765 convocatis
709 723 999 776 magnatibus
1041 727 1191 773 terrae,
1224 727 1272 763 et
1314 721 1664 776 archiepiscopis

408 795 453 831 et
474 789 716 843 episcopis,
737 789 994 839 abbatibus,
1008 793 1055 830 et
1078 802 1233 845 eorum
1262 789 1497 838 militibus,
1517 787 1662 828 eidem

408 855 504 896 filio
540 855 804 896 fidelitatem
837 855 996 909 jurare
1024 854 1147 896 fecit.
1218 854 1516 907 Cogitaverat
1545 853 1664 894 enim

193 932 357 958 A-D-1087.
409 934 491 962 rex
526 921 839 970 transfretare,
859 924 906 961 et
942 920 990 961 in
1016 933 1138 963 anno
1170 920 1379 974 sequenti
1408 920 1662 972 cogitatum

409 987 631 1040 implevit.
703 986 760 1027 In
790 986 948 1027 eodem
973 987 1111 1028 etiam
1140 987 1348 1039 sequenti
1378 998 1498 1026 anno
1528 985 1663 1025 urbes

195 1062 394 1122 {fizgffipssofff
412 1052 594 1101 multas,
616 1052 852 1093 ecclesiam
874 1065 1057 1105 quoque
1078 1052 1202 1093 beati
1223 1051 1359 1093 Pauli
1380 1064 1482 1092 cum
1504 1050 1666 1104 majori

193 1130 296 1188 {ssffed
309 1131 345 1161 by
412 1122 459 1159 et
479 1118 655 1159 meliori
675 1122 806 1171 parte
829 1116 1184 1167 Londoniarum,
1199 1117 1330 1158 ferox
1355 1117 1538 1158 flamma
1557 1128 1666 1157 con-

246 1181 253 1188 '
413 1183 624 1237 sumpsit.

412 1291 477 1333 De
505 1291 643 1333 Morte
680 1290 879 1333 Willelmi
907 1291 1052 1340 Nothi,
1071 1296 1109 1332 et
1139 1290 1242 1346 quid
1260 1296 1357 1346 post
1385 1290 1562 1331 Mortem
1588 1288 1672 1343 qius

958 1356 1125 1398 accidit.

196 1461 319 1492 sunday,
481 1442 617 1485 Anno
642 1442 828 1484 Domini
856 1454 1139 1485 M.Lxxxvn.
1166 1448 1272 1485 ante
1293 1442 1668 1496 Assumptionem

198 1495 271 1526 ΜΒ·
284 1493 358 1518 ¹⁵th‘
414 1510 575 1551 Beatae
592 1509 771 1559 Mariae,
782 1522 863 1550 rex
877 1509 1135 1551 Willelmus
1149 1522 1251 1550 cum
1265 1508 1468 1550 exercitu
1485 1509 1670 1562 copioso

411 1576 459 1617 in
482 1575 724 1616 Franciam
747 1575 1076 1625 transfretavit,
1094 1580 1141 1617 et
1163 1575 1349 1629 opidum
1369 1573 1668 1615 Mohuntuml

412 1654 494 1695 per
515 1645 696 1695 tempus
716 1641 943 1682 modicum
970 1641 1196 1691 obsidens,
1219 1641 1331 1682 illud
1353 1641 1549 1690 demum,
1574 1652 1670 1681 om-

413 1720 586 1761 nesque
626 1706 843 1748 ecclesias
884 1707 931 1748 in
960 1719 1015 1748 eo
1047 1707 1177 1757 sitas,
1208 1707 1413 1760 duosque
1448 1706 1670 1754 reclusos,

199 1772 665 1829 ninessortnasuccendit,
694 1777 742 1814 et
774 1772 908 1814 rediit
942 1772 989 1814 in
1024 1773 1374 1823 Normanniam,
1403 1777 1450 1814 et
1491 1773 1538 1813 in
1568 1772 1668 1826 ipso

199 1825 284 1856 ng.
413 1839 562 1880 reditu
590 1839 716 1880 dirus
744 1839 876 1880 dolor
900 1839 1122 1880 viscerum
1147 1838 1445 1892 apprehendit
1476 1851 1596 1888 eum,
1624 1842 1671 1879 et

413 1905 470 1946 de
494 1905 567 1946 die
590 1904 638 1945 in
666 1904 784 1945 diem
807 1904 954 1957 magis
979 1917 1033 1945 ac
1056 1904 1203 1957 magis
1230 1905 1549 1958 ingravescens
1571 1904 1670 1956 agi·

414 1971 543 2011 tabat
561 1983 664 2011 eum
681 1969 830 2010 valde.
900 1969 1107 2011 Sentiens
1128 1974 1281 2011 autem
1301 1970 1432 2023 quasi
1451 1970 1498 2010 in
1511 1970 1669 2024 januis

417 2041 608 2077 mortem
635 2035 883 2085 imminere,
907 2035 1095 2077 fratrem
1130 2049 1262 2077 suum
1289 2035 1497 2077 Odonem
1529 2035 1666 2076 Baio-

418 2114 597 2143 censem
640 2101 920 2155 episcopum,
953 2101 1257 2155 Morgarum,²
1294 2100 1564 2155 Rogerum,³
1595 2101 1668 2142 Si-

419 2167 623 2209 wardum
643 2166 659 2188 ⁴
688 2167 914 2217 comitem,
938 2172 984 2209 et
1005 2168 1121 2209 alios
1145 2181 1259 2222 quos
1282 2168 1328 2209 in
1353 2167 1563 2209 custodia
1591 2166 1669 2208 diu

417 2230 661 2282 tenuerat,⁵
684 2232 824 2275 libere
854 2233 1026 2275 dimisit
1061 2234 1213 2282 abi1·e;
1260 2234 1421 2275 deinde
1455 2233 1549 2274 filio
1584 2245 1668 2274 suo

463 2337 473 2357 ¹
495 2339 567 2371 The
589 2342 678 2370 town
693 2339 731 2370 of
743 2339 891 2379 Mantes,
909 2349 952 2370 on
974 2339 1029 2371 the
1062 2340 1167 2371 revolt
1193 2340 1227 2370 in
1255 2342 1350 2379 1074,
1375 2339 1428 2370 his
1463 2338 1561 2369 lands
1583 2347 1673 2369 were

416 2387 505 2418 river
520 2386 630 2418 Seine.
1062 2385 1261 2417 confiscated
1306 2385 1372 2417 and
1419 2384 1558 2416 himself
1597 2394 1674 2416 cou-

461 2430 474 2449 ²
496 2432 567 2463 The
591 2432 778 2463 inustrious
801 2431 913 2463 Saxon
940 2432 1034 2463 chief
1061 2431 1203 2463 demned
1241 2435 1274 2463 to
1303 2432 1477 2472 perpetual
1500 2431 1675 2470 imprison·

415 2478 567 2510 Morkar.
1060 2482 1160 2509 ment.

463 2522 476 2541 ³
508 2524 630 2564 Roget,
666 2523 822 2563 formerly
852 2523 963 2555 Count
995 2524 1032 2555 of
1108 2526 1121 2544 ⁴
1158 2524 1228 2556 The
1266 2524 1376 2555 Saxon
1413 2522 1506 2555 chief
1542 2523 1674 2554 Siward

418 2569 598 2609 Hereford,
620 2569 688 2600 and
713 2573 877 2610 youngest
906 2580 965 2602 son
995 2570 1034 2601 os
1063 2570 1184 2602 Beorn.

416 2616 566 2647 william
596 2615 820 2655 Fitz-0sbert‚
859 2616 915 2648 the
959 2617 1030 2647 first
1108 2615 1121 2633 ⁵
1144 2617 1185 2647 In
1199 2616 1267 2647 this
1282 2616 1420 2647 number
1435 2624 1506 2646 was
1523 2614 1675 2654 Ultnoth,

417 2663 551 2702 captain
590 2662 657 2692 and
689 2662 877 2693 counseu0r
906 2662 944 2693 of
972 2662 1027 2693 the
1061 2662 1194 2693 brother
1232 2661 1270 2692 of
1304 2662 1396 2701 King
1434 2660 1576 2700 Harold,
1623 2660 1674 2691 for

416 2708 620 2747 Conqueror.
658 2707 714 2738 He
729 2708 915 2739 succeeded
930 2711 964 2739 to
975 2708 1028 2739 his
1062 2707 1175 2738 whose
1195 2707 1371 2738 liberation
1390 2706 1462 2737 that
1477 2707 1590 2746 prince
1605 2706 1672 2737 had

417 2753 553 2784 father’s
587 2753 728 2793 English
755 2754 966 2792 possessions
992 2754 1026 2784 in
1060 2753 1158 2784 made
1189 2753 1242 2783 his
1265 2752 1347 2783 fatal
1363 2754 1508 2792 journey
1526 2756 1560 2784 to
1586 2753 1673 2784 Nor—

419 2800 514 2838 1070,
538 2798 611 2837 but,
640 2798 788 2838 heading
812 2809 833 2830 a
861 2799 1026 2838 powersul
1060 2799 1182 2838 mandy
1192 2799 1225 2829 in
1244 2801 1339 2830 1065.
