1866 3186
495 288 721 320 wAL'rEm
755 289 816 319 DE
848 289 1223 320 HEMINGBURGH.
1422 279 1479 321 21

217 392 487 444 quibusdam
510 397 522 415 ‘
537 392 747 435 scilicet’¹
771 405 823 434 X.
845 406 1042 443 marcas,
1060 393 1333 446 quibusdam
1349 403 1412 434 vl.
1431 398 1478 434 et
1504 405 1686 464 vXngafflff.

215 459 463 499 secundum
500 460 648 514 majus
675 465 720 500 et
757 460 906 500 minus
943 465 993 500 ut
1028 459 1244 512 expedire
1280 459 1475 510 viderat,
1539 457 1545 463 ’
1586 458 1593 464 ’
1674 457 1680 464 ’

215 523 408 576 largitus
432 531 517 566 est.
589 525 794 579 Ejusque
814 538 1058 578 germanus
1081 525 1313 567 Robertus
1333 525 1476 566 frater

214 590 366 630 senior
394 591 441 631 in
474 591 806 632 Normanniam
839 604 1066 641 reversus,
1087 591 1327 632 thesauros
1359 604 1474 644 quos

212 654 276 695 ibi
310 656 499 707 invenit,
527 671 611 710 pro
645 658 797 698 anima
825 657 970 710 patris
1000 657 1084 704 sui,
1107 657 1398 698 monasteriis
1422 662 1469 698 et

212 721 415 763 ecclesiis
439 723 631 776 largitus
660 728 746 772 est,
767 723 1016 775 habuitque
1043 721 1377 764 Normanniam
1398 735 1472 763 οι·-

211 786 443 829 dinatione
466 789 627 842 patris.

372 897 572 949 Quomodo
591 898 750 939 Frater
768 898 853 953 qius
872 896 1070 940 Bobertus
1089 896 1313 939 rebellavit.

275 989 413 1031 Anno
435 991 621 1032 Domini
645 1002 945 1034 M.Lxxxvm.
967 992 1086 1034 inter
1104 992 1323 1045 primates
1347 991 1469 1033 Nor·
1488 998 1654 1024 ‘iffi-¹⁰⁸⁸-

209 1057 402 1097 manniae
424 1058 502 1110 qui
523 1062 743 1099 venerant
770 1058 816 1098 in
838 1057 1057 1109 Angliam
1079 1062 1182 1099 orta
1205 1063 1274 1098 est
1294 1058 1469 1099 dissen-
1487 1031 1614 1096 ssssg'ffi}
1627 1040 1677 1091 ¹¹¹5}

207 1121 290 1162 sio.
362 1122 538 1175 Magna
552 1136 659 1175 pars
678 1124 796 1164 enim
811 1124 1080 1164 nobiliorum
1097 1123 1469 1165 Normannorum
1486 1105 1657 1125 succesmn'

209 1187 393 1229 favebat
409 1190 507 1241 regi
524 1188 777 1240 Willelmo;
805 1190 885 1230 sed
898 1190 1085 1231 minima
1098 1203 1222 1243 pars,
1232 1202 1341 1231 vero
1358 1190 1468 1231 alte-

206 1265 273 1301 ra,
283 1254 467 1295 favebat
485 1255 691 1296 Roberto
708 1256 863 1297 comiti
879 1255 925 1296 N
929 1257 1193 1305 ormanniae,
1208 1261 1254 1297 et
1267 1256 1467 1298 maxime

207 1320 394 1372 cupiens
416 1325 460 1361 et
483 1321 697 1362 ordinans
718 1321 838 1362 hunc
865 1323 1089 1362 accersire
1118 1322 1165 1363 in
1189 1334 1398 1374 regnum,
1420 1328 1466 1364 et

206 1397 359 1437 regem
385 1386 572 1427 fratrem
606 1392 688 1428 aut
715 1388 846 1429 fratri
875 1388 1055 1429 tradere
1074 1388 1230 1429 vivum
1253 1392 1336 1428 aut
1361 1401 1464 1441 reg-

205 1463 265 1491 no
292 1452 474 1504 privare
494 1459 795 1506 peremptum,
823 1453 879 1494 de
903 1454 1067 1507 quibus
1095 1454 1183 1494 fuit
1208 1454 1341 1507 quasi
1371 1454 1464 1507 pri-

203 1529 304 1557 mus
325 1519 570 1571 praedictus
592 1519 694 1560 Odo
725 1520 989 1561 Baiocensis
1010 1521 1267 1574 episcopus,
1281 1520 1359 1573 qui
1379 1519 1467 1563 fuit

203 1595 355 1623 comes
381 1583 740 1635 Cantuariensis,
761 1587 945 1639 scripsit
965 1599 1074 1628 vero
1102 1599 1206 1627 cum
1239 1586 1334 1627 suis
1366 1585 1460 1627 Ro-

203 1649 331 1690 berto
352 1651 505 1691 comiti
531 1656 583 1691 ut
603 1651 779 1693 veniret
799 1665 902 1693 cum
926 1665 1064 1693 manu
1086 1656 1281 1701 armata,
1306 1656 1352 1692 et
1372 1651 1459 1693 hoc

202 1715 327 1755 nullo
358 1716 492 1757 modo
533 1717 778 1766 omitteret,
815 1718 1086 1770 promittens
1119 1718 1204 1758 sibi
1235 1717 1458 1758 auxilium

200 1781 391 1822 multum
412 1782 456 1822 in
473 1783 573 1835 ipso
587 1795 670 1823 suo
683 1783 908 1834 ingressu.
986 1783 1094 1835 Ipse
1111 1787 1263 1823 autem
1278 1783 1458 1823 interim
1477 1790 1547 1819 02³⁰,
1570 1790 1677 1823 Bishop

1477 1823 1508 1847 of
1518 1823 1640 1855 Bayeux,

200 1859 302 1887 cum
324 1848 419 1888 suis
440 1847 694 1890 fautoribus
715 1853 760 1889 et
782 1849 1055 1902 sequacibus
1077 1848 1211 1890 villas
1231 1853 1278 1890 et
1298 1848 1458 1890 domos
1476 1856 1580 1881 revolts
1594 1857 1624 1882 in

1475 1890 1576 1915 favour
1587 1890 1619 1915 of

199 1913 349 1965 regias
361 1914 611 1964 succendit,
626 1919 672 1955 et
692 1919 894 1955 castrum
915 1918 926 1935 ‘
945 1914 1160 1955 Roffense
1174 1913 1206 1935 '²
1225 1927 1309 1968 pro
1322 1927 1458 1968 posse
1476 1922 1578 1981 gerrigce
1591 1923 1647 1949 Ro-

197 1983 297 2020 toto
340 1979 553 2021 firmavit.
624 1979 714 2021 His
757 1980 942 2030 auditis,
984 1979 1244 2022 Willelmus
1287 1993 1371 2022 rex
1411 1981 1458 2023 in
1537 1974 1544 1981 ’

196 2045 401 2086 novitate
447 2059 532 2087 sua
565 2046 744 2096 timens,
781 2046 1053 2088 convocavit
1087 2045 1268 2099 Anglos
1300 2052 1347 2088 et
1383 2059 1457 2087 os-

196 2111 342 2151 tendit
362 2112 427 2152 eis
461 2112 730 2153 seditionem
767 2111 1154 2162 Normannorum,
1184 2112 1457 2166 rogavitque

196 2181 247 2217 ut
267 2177 433 2229 ipsum,
450 2191 585 2230 quem
606 2177 662 2218 de
682 2178 921 2220 voluntate
942 2179 1086 2231 patris
1102 2179 1148 2219 in
1162 2191 1315 2230 regem
1328 2191 1455 2221 crea-

195 2248 372 2292 verant,
395 2244 481 2284 sibi
512 2249 731 2297 tanquam
766 2249 905 2297 caput
932 2249 978 2285 et
1002 2257 1155 2297 regem
1187 2249 1452 2295 tuerentur;

194 2309 464 2361 promittens
494 2310 559 2350 eis
597 2309 717 2363 quod
752 2310 984 2351 meliorem
1019 2310 1166 2363 legem
1197 2323 1334 2362 quam
1367 2310 1454 2351 sibi

195 2374 366 2416 vellent
428 2375 596 2427 eligere
648 2375 916 2417 concederet
957 2376 1022 2416 eis
1069 2376 1367 2428 imposterum
1408 2380 1454 2417 et

194 2440 422 2492 scriptura
470 2441 688 2481 firmaret.
786 2441 875 2481 Sed
927 2441 1048 2494 quod
1103 2440 1312 2492 promisit
1361 2453 1451 2481 nou

194 2505 355 2546 tenuit.
434 2505 533 2558 Ipsi
564 2511 717 2547 tamen
745 2505 931 2558 Anglici
966 2506 1052 2546 sibi
1083 2505 1278 2546 fideliter
1315 2506 1453 2547 assis-
1469 2514 1592 2540 Wifliam
1608 2521 1670 2546 per-

1468 2548 1570 2572 suades
1587 2549 1634 2573 the

192 2575 339 2611 tentes
356 2571 633 2623 quaesierunt
649 2571 914 2624 praedictum
932 2571 1137 2612 Odonem
1155 2571 1277 2624 apud
1298 2570 1452 2612 Horn-
1468 2580 1587 2645 ffiugffl
1596 2584 1639 2639 13⁰³

190 2642 409 2685 castrum,
455 2642 502 2677 et
539 2649 641 2677 eum
678 2650 768 2677 non
808 2637 1089 2677 invenientes
1127 2636 1453 2678 destruxerunt
1467 2653 1562 2673 cause-

189 2808 217 2840 L
238 2763 245 2781 ¹
271 2759 402 2838 ‘eluignss
416 2762 515 2795 MSS.
528 2761 615 2795 Cou.
629 2763 723 2795 Arm.
736 2762 803 2794 and
885 2760 898 2779 ²
920 2762 929 2780 ‘
945 2761 1135 2804 Horsense,’
1151 2762 1226 2795 MS.
1246 2761 1332 2795 0011.
1348 2761 1445 2796 Arm.

209 2808 280 2840 ‘oth
325 2808 334 2838 i
363 2831 370 2840 .
