1866 3186
459 263 685 294 WALTERI
719 263 780 292 DE
810 263 1190 295 HEMINGBURGH.
1391 255 1450 297 '73

181 367 358 408 morum
370 367 503 420 copia
518 371 768 420 posuerunt
781 380 962 408 carnem
981 367 1214 410 brachium
1237 380 1384 418 suum,
1403 373 1449 409 et
1480 380 1642 438 Astephffl'v

182 446 472 486 nequaquam
495 433 758 483 Dominum,
779 446 863 486 pro
887 446 978 487 quo
998 434 1205 475 aemulari
1233 434 1448 476 videban-
1509 414 1623 438 ’ΠΜ
1645 431 1652 437 ’

182 503 272 548 tur,
302 499 676 551 declaratumque
702 503 770 539 est
794 499 840 539 in
865 499 945 550 eis,
970 499 1116 552 “quia
1139 499 1267 541 Deus
1290 513 1449 554 super—

181 564 250 604 bis
266 565 451 614 resistit,
466 565 712 605 humilibus
726 569 879 606 autem
893 565 972 606 dat
987 564 1249 618 gratiam.''¹
1308 566 1451 607 Fame
1465 577 1535 617 epds
1553 576 1642 609 inglo-

183 642 380 684 namque
401 630 678 672 consternati
697 630 843 683 primo
865 631 1095 684 perierunt
1117 631 1163 672 in
1183 643 1259 683 se3
1291 635 1453 684 postea
1463 610 1578 642 ¹¹⁰⁰⁵¹y'

183 707 292 737 vero
336 696 591 750 proditione
632 696 919 748 imperatoris
961 695 1454 749 Constantinopolitani

183 761 303 802 ferro
338 761 492 803 hostili
522 761 808 802 defecerunt:
841 774 924 802 nec
956 761 1198 802 immundis
1227 761 1454 813 castigan-

183 826 253 867 dis
280 832 326 868 et
351 827 557 880 superbis
587 826 883 879 reprimendis
912 826 992 867 irae
1019 826 1204 867 defuere
1228 826 1454 877 coelestes,

185 905 288 933 cum
327 892 747 945 intempestivorum
786 891 998 932 imbrium
1027 891 1272 934 'inundatio
1313 892 1456 934 effusa

183 957 287 1011 plus
333 958 389 998 de
435 958 639 999 exercitu
685 966 842 999 nostro
887 957 1048 999 minuit
1093 970 1232 1011 quam
1277 958 1456 999 hostilis

184 1023 364 1076 gladius
397 1023 646 1065 devoravit.
718 1023 825 1065 Rex
860 1027 1012 1065 tamen
1055 1023 1263 1065 Franciae
1299 1029 1344 1065 et
1374 1024 1459 1064 im-

185 1093 370 1142 perator
409 1088 692 1130 Alemanniae
736 1102 839 1129 cum
883 1089 1169 1143 paucissimis
1212 1089 1458 1131 evadentes

186 1155 312 1208 prius
347 1154 639 1196 Antiochiam
681 1159 843 1207 postea
884 1154 915 1196 J
921 1155 1223 1208 erosolymam
1263 1155 1457 1207 ignomi-

188 1221 315 1261 niose
351 1220 679 1273 confugerunt3
726 1224 772 1261 et
814 1219 996 1261 demum
1037 1220 1095 1262 ad
1139 1221 1340 1274 propria,
1380 1221 1459 1262 sed

182 1299 275 1328 non
294 1286 341 1327 in
360 1287 543 1339 gaudio.
600 1286 784 1327 Interea
804 1286 989 1339 quidam
1011 1286 1191 1327 navalis
1212 1287 1459 1337 exercitus,

188 1365 278 1393 non
314 1353 568 1406 potentium
608 1351 809 1394 virorum
845 1364 929 1393 nec
968 1365 1136 1405 magno
1176 1352 1281 1394 duci
1314 1353 1460 1394 innixi

187 1418 276 1459 nisi
302 1418 600 1471 omnipotenti
630 1418 748 1468 Deo,
779 1418 944 1459 ibidem
980 1418 1174 1472 profecti
1211 1423 1334 1468 sunt,
1367 1432 1459 1461 non

186 1485 380 1537 superbe
404 1484 586 1538 quidem
612 1484 691 1524 sed
717 1483 965 1535 humiliter,
989 1489 1035 1526 et
1055 1484 1159 1527 ideo
1181 1485 1459 1538 probitatem

189 1562 405 1603 magnam
440 1554 769 1592 exercuerunt:
815 1549 1049 1592 civitatem
1082 1563 1279 1604 namque
1313 1551 1454 1593 famo·

188 1628 286 1656 sam
323 1617 369 1657 in
410 1615 597 1669 Ispania
632 1629 735 1669 quae
772 1620 964 1657 vocatur
1001 1614 1175 1660 Uluxis
1215 1616 1382 1667 Βοῃεῑ,2
1413 1623 1460 1660 et

190 1681 325 1722 aliam
364 1694 467 1735 quae
506 1686 699 1723 vocatur
739 1680 961 1732 Almaria‚
997 1687 1043 1723 et
1082 1683 1291 1734 regiones
1331 1683 1460 1737 adja-

190 1753 358 1797 centes,
408 1748 543 1800 pauci
586 1751 744 1788 contra
792 1746 945 1800 plures
987 1747 1306 1799 obtinuerunt3
1362 1754 1462 1790 erat

191 1814 309 1854 enim
340 1813 469 1854 Deus
505 1812 688 1867 adjutor
720 1825 876 1854 eorum
912 1812 1057 1863 fortis,
1093 1818 1139 1854 et
1172 1813 1274 1855 ideo
1309 1813 1461 1855 nullus

191 1880 399 1920 resistere
428 1883 635 1932 poterat:
669 1883 714 1919 et
745 1891 912 1931 magna
941 1891 1048 1931 pars
1078 1891 1235 1920 eorum
1270 1885 1460 1921 venerat

190 1945 245 1986 de
267 1943 452 1998 Anglia.

195 2097 394 2148 Quomodo
418 2097 626 2138 Henrious
660 2097 804 2139 Filius
831 2097 1124 2152 Imperatricis
1158 2097 1268 2138 venit
1298 2098 1345 2139 in
1365 2099 1459 2139 An-

494 2163 639 2218 stiam,
663 2168 700 2204 et
722 2163 770 2204 de
789 2163 873 2217 ejus
893 2163 1164 2204 Primordiis.

262 2262 447 2303 Interea
491 2261 599 2302 dum
645 2261 767 2302 circa
818 2265 998 2302 nostros
1042 2262 1088 2301 in
1123 2260 1310 2302 Oriente
1350 2262 1463 2303 talia
1480 2276 1644 2302 Anum

193 2333 475 2380 gererentur,
521 2326 691 2380 Anglia
736 2326 890 2368 multis
936 2326 1068 2367 malis
1111 2328 1269 2367 saucia
1311 2328 1619 2368 tabes-xmestxne

194 2395 338 2435 cebat.
430 2393 552 2434 Nam
589 2393 697 2446 quia
731 2399 840 2434 tunc
875 2393 1100 2445 impotens
1140 2398 1239 2434 erat
1277 2405 1376 2442 reX‚
1417 2398 1464 2435 et
1479 2374 1662 2439 (ἓέἑῗῖιῗῖἷω

194 2458 413 2511 languida
451 2459 544 2507 lex,
586 2459 900 2511 unusquisque
936 2458 1055 2510 quod
1097 2457 1184 2498 sibi
1222 2458 1465 2500 videbatur

197 2531 371 2565 rectum
403 2523 476 2564 vel
511 2523 680 2564 malum
717 2524 939 2564 faciebat:
986 2528 1032 2563 et
1062 2523 1170 2575 quia
1200 2535 1331 2564 omne
1363 2538 1464 2577 reg—

246 2621 253 2640 ¹
283 2627 297 2655 l
318 2624 365 2655 St.
395 2624 470 2655 Pet.
497 2634 526 2655 v.
546 2627 589 2661 53
614 2624 662 2655 St.
682 2624 811 2663 James,
847 2623 922 2654 ated
940 2623 973 2653 in
990 2623 1176 2655 Lusitania.
1228 2624 1259 2655 It
1274 2634 1346 2655 was
1361 2635 1382 2656 a
1396 2624 1465 2657 free

198 2672 243 2703 iv.
257 2673 288 2702 6.
848 2670 915 2708 city
934 2670 967 2700 in
988 2669 1043 2700 the
1070 2670 1148 2700 time
1174 2670 1212 2702 of
1230 2671 1285 2701 the
1307 2671 1467 2711 Romans,

242 2714 255 2734 ²
282 2716 368 2747 Now
396 2716 543 2753 Lisbon;
569 2716 623 2747 the
651 2716 815 2755 Olyssipo
850 2716 915 2746 and
932 2715 960 2747 is
976 2716 1051 2747 said
1067 2719 1100 2747 to
1116 2716 1200 2748 have
1220 2716 1303 2749 been
1320 2717 1466 2749 founded

199 2773 235 2794 or
250 2762 413 2802 Ulyssipo
430 2762 467 2793 of
477 2763 533 2794 the
556 2762 719 2804 ancients,
734 2763 815 2793 situ·
851 2762 893 2802 by
913 2761 1062 2801 Ulysses.
