1866 3186
452 284 675 314 WAL'rssm
708 283 771 314 nn
802 283 1179 315 nssnmcnuncn.
1358 274 1444 316 159

183 387 270 428 Ille
298 386 481 441 quidem
509 387 628 429 vires
653 400 883 429 resumere
914 393 1053 442 atque
1082 389 1334 431 exercitum
1364 403 1439 432 co·
1476 399 1637 458 Riguuffi·

181 466 289 506 gere
311 453 481 494 frustra
511 458 705 495 conatus
731 453 938 506 fugiebat
967 467 996 495 a
1027 454 1143 496 facie
1164 468 1439 509 persequen-
1469 435 1505 459 '⁴'
1544 435 1575 459 ἰ
1631 451 1639 458 ’

180 519 254 568 tis,
287 532 421 572 quem
453 519 637 561 tandem
668 518 823 560 ‘rex'l
860 521 905 561 in
932 521 1130 573 quodam
1162 523 1439 564 monasterio

179 584 533 634 delitescentem,
577 585 873 638 prodentibus
915 599 1019 627 eum
1058 587 1331 640 quibusdam
1370 589 1438 629 in-

179 650 352 692 sulanis
401 651 566 705 quibus
627 651 789 692 merito
849 664 1016 693 exosus
1067 658 1180 702 erat,
1235 666 1439 707 compre-

182 716 350 766 hendit,
378 723 424 758 et
451 716 647 758 vinculis
677 716 1019 770 ‘justissimis’2
1046 718 1309 762 innodavit:
1338 720 1439 759 vin-

181 782 262 823 ciri
282 787 434 824 autem
456 782 633 836 jussus,
654 782 829 823 dixisse
849 782 1007 832 fertur,
1023 783 1146 836 quod
1169 783 1288 825 ferro
1315 785 1441 824 vinc-

182 853 256 888 tus
288 849 379 889 cito
411 847 658 889 deficeret:
703 847 760 888 ad
802 848 924 901 quod
963 861 1061 898 reX,
1104 849 1322 898 “Bene‚’'
1359 851 1439 899 ait,

180 913 440 967 “loquitur,
478 914 588 966 quia
620 913 784 954 nobilis
818 918 902 964 est,
942 919 988 956 et
1022 915 1136 956 mori
1169 927 1273 955 eum
1308 915 1439 956 nolu-

180 992 298 1029 mus,
337 980 416 1020 sed
456 984 509 1020 ut
538 979 667 1021 vivat
697 979 913 1020 innoxius
951 980 1182 1033 argenteis
1212 981 1440 1034 astringa-

183 1051 258 1086 tur
288 1045 507 1086 catenis.’'
577 1045 695 1086 Mox
728 1050 827 1086 tota
856 1045 1021 1095 insula,
1055 1047 1305 1100 tyrannicis
1336 1060 1443 1088 sau·
1458 1060 1617 1102 rnewhme

182 1111 254 1152 cia
284 1110 592 1161 ‘morsibus,'³
621 1115 783 1164 sponte
813 1111 860 1151 in
891 1111 1095 1166 ejusdem
1124 1113 1342 1166 principis
1373 1113 1440 1154 di·
1458 1095 1624 1154 ἲῖῗὲἓιέἶψ

182 1177 351 1217 tionem
409 1177 788 1230 devotionemque
849 1189 899 1218 se
959 1178 1209 1228 transtulit,
1260 1179 1442 1235 cunctis

181 1242 248 1283 illi
279 1242 467 1284 urbibus
503 1247 550 1284 et
583 1242 925 1292 munitionibus,
956 1256 1131 1285 necnon
1169 1249 1215 1285 et
1253 1244 1442 1298 opulen-

182 1308 370 1349 tissimis
402 1308 586 1362 tyranni
622 1307 863 1357 thesauris,
898 1321 1002 1349 cum
1039 1310 1175 1351 unica
1214 1310 1315 1364 ejus
1350 1310 1444 1352 filia

182 1374 442 1426 resignatis.
525 1373 705 1424 Quibus
751 1373 941 1415 feliciter
981 1375 1097 1416 actis
1138 1389 1220 1429 per
1268 1376 1445 1429 aliquot

183 1439 352 1481 diesin
388 1453 530 1493 regno
562 1452 683 1481 novo
717 1439 953 1481 victoriam
994 1453 1099 1481 cum
1139 1440 1288 1494 gloria
1325 1442 1442 1483 cele-

182 1506 338 1556 brans,
374 1506 621 1558 praeclaras
664 1505 819 1559 copias
857 1506 915 1547 ad
951 1505 1224 1548 Christianae
1257 1508 1446 1562 expedi-

183 1571 320 1612 tionis
354 1571 605 1612 subsidium
633 1574 646 1593 ‘
666 1571 873 1612 solicitus
890 1570 925 1593 '4
950 1572 1217 1615 ordinabat:
1249 1587 1342 1615 non
1374 1574 1443 1615 la-

184 1642 312 1677 tuere
356 1637 447 1678 ista
492 1637 804 1678 Christianum
851 1638 1104 1679 exercitum
1150 1639 1230 1692 qui
1282 1639 1443 1681 Ptolo-

185 1702 383 1743 maidam
431 1702 685 1752 obsidebat,
732 1707 871 1756 atque
924 1702 1024 1756 ejus
1072 1716 1176 1744 cum
1220 1704 1445 1746 desiderio

185 1768 542 1822 praestolabatur
565 1780 813 1809 accessum.
884 1767 992 1821 Ipse
1017 1781 1141 1819 vero,
1175 1770 1313 1823 paulo
1342 1771 1446 1824 plus

186 1834 365 1875 duobus
414 1834 645 1885 mensibus
696 1834 744 1876 in
790 1832 945 1888 Cypro
991 1835 1184 1884 exactis,
1227 1841 1274 1877 et
1310 1837 1449 1877 rebus

185 1900 364 1953 magnis
406 1901 556 1953 spatio
600 1905 696 1941 tam
743 1900 870 1942 brevi
915 1900 1128 1954 patratis,
1170 1900 1336 1942 hilares
1376 1915 1448 1943 co-

185 1966 288 2020 pias
320 1967 369 2008 in
407 1965 587 2020 Syriam
624 1965 930 2008 traducendas
966 1963 1106 2008 ‘ad'5
1136 1979 1279 2009 naves
1314 1980 1447 2010 revo-

186 2038 289 2074 cat:
338 2032 549 2074 ordinata
596 2031 754 2085 igitur,
801 2037 939 2086 prout
990 2031 1138 2074 voluit
1191 2032 1237 2074 et
1280 2033 1448 2083 decuit,

186 2099 351 2147 insula,
398 2098 665 2150 cunctisque
708 2098 795 2139 rite
840 2098 1090 2151 dispositis,
1143 2099 1449 2141 arridentibus

186 2177 368 2217 quoque
403 2163 636 2204 elementis
674 2169 810 2216 portu
850 2164 1097 2216 egreditur,
1131 2167 1144 2186 ‘
1162 2159 1450 2218 velocique’⁶
1468 2185 1593 2211 menam

186 2243 324 2271 cursu
398 2228 736 2271 Ptolomaidam
811 2241 1063 2282 properans
1123 2233 1136 2251 ‘
1156 2230 1384 2271 triremem
1408 2229 1448 2256 ’⁷
1467 2218 1652 2278 {2¹52}{1¹‘„³0.s⁰'

186 2296 435 2338 maximam
474 2294 730 2336 onerariam
773 2295 949 2335 eminus
988 2295 1243 2348 conspexit,
1281 2309 1385 2349 quae
1422 2309 1633 2353 acaptare„

188 2362 404 2403 Saladino
456 2362 611 2410 missa,
654 2361 854 2402 obsessis
898 2361 945 2401 in
998 2360 1291 2402 Ptolomaida
1335 2361 1452 2402 mul·
1466 2355 1611 2413 ἓζζζξξξᾱ,

190 2427 359 2481 tiplicis
399 2427 590 2468 subsidii
633 2427 812 2480 copiam
859 2426 1107 2476 deferebat,
1140 2430 1153 2448 ‘
1171 2427 1328 2476 scutis,
1369 2440 1450 2468 va·

237 2583 245 2602 ¹
271 2580 422 2611 Omitted
439 2580 473 2610 in
489 2579 565 2612 MS.
583 2579 673 2611 Cott.
687 2579 765 2610 Tib.
885 2578 897 2596 ⁴
927 2579 1109 2619 ‘sollicite,’
1125 2579 1198 2612 MS.
1216 2580 1342 2612 Lansd.

234 2627 247 2646 ²
270 2627 279 2644 ‘
294 2626 527 2665 strictissimis,
539 2626 549 2640 '
598 2625 673 2657 MS.
712 2625 802 2657 Cott.
883 2623 896 2643 ⁶
920 2624 1070 2657 Omitted
1087 2627 1120 2657 in
1138 2626 1211 2658 MS.
1228 2626 1315 2658 Cott.
1329 2627 1405 2658 Tib.

187 2675 262 2705 Tib.
884 2669 898 2688 ⁶
921 2671 931 2688 ‘
942 2672 1123 2712 rectoque‚’
1139 2672 1215 2704 MS.
1232 2672 1358 2704 Lansd.

235 2718 248 2737 ³
270 2720 280 2736 ‘
293 2717 464 2758 moribus,'
481 2717 582 2749 MSS.
599 2717 725 2749 Lansd.
737 2717 802 2748 and
883 2714 896 2738 ⁷
919 2717 929 2734 ‘
941 2718 1084 2758 navem‚'
1111 2718 1211 2751 MSS.
1237 2719 1362 2751 Lansd.
1386 2719 1452 2750 and

189 2767 278 2799 Cott.
293 2765 369 2797 Tib.
838 2763 927 2796 cott.
944 2763 1020 2795 Tib.
