<?xml version="1.0" encoding="UTF-8"?>
<!DOCTYPE html PUBLIC "-//W3C//DTD XHTML 1.0 Transitional//EN"
    "http://www.w3.org/TR/xhtml1/DTD/xhtml1-transitional.dtd">
<html xmlns="http://www.w3.org/1999/xhtml" xml:lang="en" lang="en">
 <head>
  <title>
</title>
<meta http-equiv="Content-Type" content="text/html;charset=utf-8" />
  <meta name='ocr-system' content='tesseract 3.04.00' />
  <meta name='ocr-capabilities' content='ocr_page ocr_carea ocr_par ocr_line ocrx_word'/>
</head>
<body>
  <div class='ocr_page' id='page_1' title='image "./chronicondominiw01hemiuoft_0083.png"; bbox 0 0 1866 3186; ppageno 0'>
   <div class='ocr_carea' id='block_1_1' title="bbox 497 262 1487 304">
    <p class='ocr_par' dir='ltr' id='par_1_1' title="bbox 497 262 1487 304">
     <span class='ocr_line' id='line_1_1' title="bbox 497 262 1487 304; baseline 0.003 -3"><span class='ocrx_word' id='word_1_1' title='bbox 497 270 724 301; x_wconf 72' lang='lat' dir='ltr'><strong>WAL&#39;rmu</strong></span> <span class='ocrx_word' id='word_1_2' title='bbox 758 271 819 300; x_wconf 82' lang='lat' dir='ltr'><strong>DE</strong></span> <span class='ocrx_word' id='word_1_3' title='bbox 851 271 1228 302; x_wconf 74' lang='lat' dir='ltr'><strong>flnmmcnuncu.</strong></span> <span class='ocrx_word' id='word_1_4' title='bbox 1430 262 1487 304; x_wconf 81' lang='lat'><strong>61</strong></span> 
     </span>
    </p>
   </div>
   <div class='ocr_carea' id='block_1_2' title="bbox 215 372 1489 1154">
    <p class='ocr_par' dir='ltr' id='par_1_2' title="bbox 215 372 1489 1154">
     <span class='ocr_line' id='line_1_2' title="bbox 218 372 1486 429; baseline 0.003 -17"><span class='ocrx_word' id='word_1_5' title='bbox 218 372 353 414; x_wconf 90' lang='lat' dir='ltr'><strong>finem</strong></span> <span class='ocrx_word' id='word_1_6' title='bbox 396 373 575 415; x_wconf 89' lang='lat' dir='ltr'><strong>dicendi</strong></span> <span class='ocrx_word' id='word_1_7' title='bbox 616 374 793 416; x_wconf 87' lang='lat' dir='ltr'><strong>faciunt</strong></span> <span class='ocrx_word' id='word_1_8' title='bbox 831 373 986 416; x_wconf 90' lang='lat' dir='ltr'><strong>hostes</strong></span> <span class='ocrx_word' id='word_1_9' title='bbox 1024 374 1282 416; x_wconf 88' lang='lat' dir='ltr'><strong>inordinate</strong></span> <span class='ocrx_word' id='word_1_10' title='bbox 1324 387 1486 429; x_wconf 92' lang='lat' dir='ltr'><strong>proru-</strong></span> 
     </span>
     <span class='ocr_line' id='line_1_3' title="bbox 216 440 1486 495; baseline 0.003 -16"><span class='ocrx_word' id='word_1_11' title='bbox 216 444 359 489; x_wconf 83' lang='lat' dir='ltr'><strong>entes,</strong></span> <span class='ocrx_word' id='word_1_12' title='bbox 375 445 422 481; x_wconf 88' lang='lat' dir='ltr'><strong>et</strong></span> <span class='ocrx_word' id='word_1_13' title='bbox 443 444 456 462; x_wconf 91' lang='lat'>‘</span> <span class='ocrx_word' id='word_1_14' title='bbox 473 440 623 495; x_wconf 87' lang='lat' dir='ltr'><strong>quod&#39;¹</strong></span> <span class='ocrx_word' id='word_1_15' title='bbox 647 441 800 482; x_wconf 84' lang='lat' dir='ltr'><strong>animo</strong></span> <span class='ocrx_word' id='word_1_16' title='bbox 821 454 922 482; x_wconf 89' lang='lat' dir='ltr'><strong>meo</strong></span> <span class='ocrx_word' id='word_1_17' title='bbox 939 440 1072 482; x_wconf 92' lang='lat' dir='ltr'><strong>valde</strong></span> <span class='ocrx_word' id='word_1_18' title='bbox 1095 440 1262 494; x_wconf 88' lang='lat' dir='ltr'><strong>placet,</strong></span> <span class='ocrx_word' id='word_1_19' title='bbox 1283 441 1486 495; x_wconf 84' lang='lat' dir='ltr'><strong>disperse</strong></span> 
     </span>
     <span class='ocr_line' id='line_1_4' title="bbox 215 505 1487 560; baseline 0.004 -16"><span class='ocrx_word' id='word_1_20' title='bbox 215 505 510 548; x_wconf 89' lang='lat' dir='ltr'><strong>confluentes.</strong></span> <span class='ocrx_word' id='word_1_21' title='bbox 561 506 662 549; x_wconf 92' lang='lat' dir='ltr'><strong>Vos</strong></span> <span class='ocrx_word' id='word_1_22' title='bbox 674 507 818 560; x_wconf 86' lang='lat' dir='ltr'><strong>igitur</strong></span> <span class='ocrx_word' id='word_1_23' title='bbox 839 507 918 560; x_wconf 91' lang='lat' dir='ltr'><strong>qui</strong></span> <span class='ocrx_word' id='word_1_24' title='bbox 932 507 1205 548; x_wconf 82' lang='lat' dir='ltr'><strong>vindicaturi</strong></span> <span class='ocrx_word' id='word_1_25' title='bbox 1223 507 1332 549; x_wconf 87' lang='lat' dir='ltr'><strong>estis</strong></span> <span class='ocrx_word' id='word_1_26' title='bbox 1352 508 1487 549; x_wconf 90' lang='lat' dir='ltr'><strong>hodie</strong></span> 
     </span>
     <span class='ocr_line' id='line_1_5' title="bbox 215 570 1487 628; baseline 0.003 -17"><span class='ocrx_word' id='word_1_27' title='bbox 215 570 400 613; x_wconf 90' lang='lat' dir='ltr'><strong>domum</strong></span> <span class='ocrx_word' id='word_1_28' title='bbox 425 573 628 622; x_wconf 90' lang='lat' dir='ltr'><strong>Domini,</strong></span> <span class='ocrx_word' id='word_1_29' title='bbox 649 579 696 614; x_wconf 89' lang='lat' dir='ltr'><strong>et</strong></span> <span class='ocrx_word' id='word_1_30' title='bbox 720 573 906 614; x_wconf 88' lang='lat' dir='ltr'><strong>Domini</strong></span> <span class='ocrx_word' id='word_1_31' title='bbox 926 573 1202 623; x_wconf 86' lang='lat' dir='ltr'><strong>sacerdotes,</strong></span> <span class='ocrx_word' id='word_1_32' title='bbox 1226 578 1487 628; x_wconf 88' lang='lat' dir='ltr'><strong>terramque</strong></span> 
     </span>
     <span class='ocr_line' id='line_1_6' title="bbox 218 639 1486 692; baseline 0.003 -15"><span class='ocrx_word' id='word_1_33' title='bbox 218 642 434 688; x_wconf 85' lang='lat' dir='ltr'><strong>vestram,</strong></span> <span class='ocrx_word' id='word_1_34' title='bbox 477 644 523 679; x_wconf 90' lang='lat' dir='ltr'><strong>et</strong></span> <span class='ocrx_word' id='word_1_35' title='bbox 564 639 782 692; x_wconf 89' lang='lat' dir='ltr'><strong>parvulos</strong></span> <span class='ocrx_word' id='word_1_36' title='bbox 823 644 1016 688; x_wconf 90' lang='lat' dir='ltr'><strong>vestros,</strong></span> <span class='ocrx_word' id='word_1_37' title='bbox 1058 639 1098 679; x_wconf 91' lang='lat' dir='ltr'><strong>si</strong></span> <span class='ocrx_word' id='word_1_38' title='bbox 1138 639 1242 692; x_wconf 89' lang='lat' dir='ltr'><strong>quis</strong></span> <span class='ocrx_word' id='word_1_39' title='bbox 1285 644 1486 681; x_wconf 89' lang='lat' dir='ltr'><strong>vestrum</strong></span> 
     </span>
     <span class='ocr_line' id='line_1_7' title="bbox 217 703 1486 757; baseline 0.002 -14"><span class='ocrx_word' id='word_1_40' title='bbox 217 704 437 755; x_wconf 87' lang='lat' dir='ltr'><strong>proelians</strong></span> <span class='ocrx_word' id='word_1_41' title='bbox 457 704 574 746; x_wconf 89' lang='lat' dir='ltr'><strong>forte</strong></span> <span class='ocrx_word' id='word_1_42' title='bbox 598 705 876 754; x_wconf 89' lang='lat' dir='ltr'><strong>occubuerit,</strong></span> <span class='ocrx_word' id='word_1_43' title='bbox 900 705 1000 745; x_wconf 82' lang='lat' dir='ltr'><strong>vice</strong></span> <span class='ocrx_word' id='word_1_44' title='bbox 1023 703 1360 757; x_wconf 73' lang='lat' dir='ltr'><strong>archipraesulis</strong></span> <span class='ocrx_word' id='word_1_45' title='bbox 1382 718 1486 746; x_wconf 89' lang='lat' dir='ltr'><strong>ves-</strong></span> 
     </span>
     <span class='ocr_line' id='line_1_8' title="bbox 216 770 1486 823; baseline 0.002 -14"><span class='ocrx_word' id='word_1_46' title='bbox 216 770 291 819; x_wconf 86' lang='lat' dir='ltr'><strong>tri,</strong></span> <span class='ocrx_word' id='word_1_47' title='bbox 331 784 434 812; x_wconf 90' lang='lat' dir='ltr'><strong>eum</strong></span> <span class='ocrx_word' id='word_1_48' title='bbox 474 770 753 811; x_wconf 87' lang='lat' dir='ltr'><strong>absolvimus</strong></span> <span class='ocrx_word' id='word_1_49' title='bbox 793 771 851 810; x_wconf 90' lang='lat' dir='ltr'><strong>ab</strong></span> <span class='ocrx_word' id='word_1_50' title='bbox 890 770 1012 810; x_wconf 92' lang='lat' dir='ltr'><strong>omni</strong></span> <span class='ocrx_word' id='word_1_51' title='bbox 1051 782 1189 822; x_wconf 88' lang='lat' dir='ltr'><strong>poena</strong></span> <span class='ocrx_word' id='word_1_52' title='bbox 1223 770 1400 823; x_wconf 88' lang='lat' dir='ltr'><strong>peccati</strong></span> <span class='ocrx_word' id='word_1_53' title='bbox 1439 771 1486 811; x_wconf 92' lang='lat' dir='ltr'><strong>in</strong></span> 
     </span>
     <span class='ocr_line' id='line_1_9' title="bbox 217 834 1486 891; baseline 0.002 -16"><span class='ocrx_word' id='word_1_54' title='bbox 217 837 399 877; x_wconf 87' lang='lat' dir='ltr'><strong>nomine</strong></span> <span class='ocrx_word' id='word_1_55' title='bbox 429 836 600 886; x_wconf 88' lang='lat' dir='ltr'><strong>Patris,</strong></span> <span class='ocrx_word' id='word_1_56' title='bbox 622 836 754 891; x_wconf 90' lang='lat' dir='ltr'><strong>cujus</strong></span> <span class='ocrx_word' id='word_1_57' title='bbox 782 841 1017 876; x_wconf 84' lang='lat' dir='ltr'><strong>creaturas</strong></span> <span class='ocrx_word' id='word_1_58' title='bbox 1044 834 1163 876; x_wconf 89' lang='lat' dir='ltr'><strong>foede</strong></span> <span class='ocrx_word' id='word_1_59' title='bbox 1184 840 1231 876; x_wconf 90' lang='lat' dir='ltr'><strong>et</strong></span> <span class='ocrx_word' id='word_1_60' title='bbox 1258 835 1486 877; x_wconf 90' lang='lat' dir='ltr'><strong>horribili—</strong></span> 
     </span>
     <span class='ocr_line' id='line_1_10' title="bbox 216 901 1487 955; baseline 0.001 -13"><span class='ocrx_word' id='word_1_61' title='bbox 216 906 285 942; x_wconf 88' lang='lat' dir='ltr'><strong>ter</strong></span> <span class='ocrx_word' id='word_1_62' title='bbox 304 902 646 952; x_wconf 82' lang='lat' dir='ltr'><strong>destruxerunt,</strong></span> <span class='ocrx_word' id='word_1_63' title='bbox 667 906 713 943; x_wconf 89' lang='lat' dir='ltr'><strong>et</strong></span> <span class='ocrx_word' id='word_1_64' title='bbox 737 901 858 951; x_wconf 89' lang='lat' dir='ltr'><strong>Filii,</strong></span> <span class='ocrx_word' id='word_1_65' title='bbox 879 901 1011 955; x_wconf 91' lang='lat' dir='ltr'><strong>cujus</strong></span> <span class='ocrx_word' id='word_1_66' title='bbox 1027 901 1194 942; x_wconf 87' lang='lat' dir='ltr'><strong>altaria</strong></span> <span class='ocrx_word' id='word_1_67' title='bbox 1215 902 1487 944; x_wconf 89' lang='lat' dir='ltr'><strong>maculando</strong></span> 
     </span>
     <span class='ocr_line' id='line_1_11' title="bbox 215 966 1488 1021; baseline 0.002 -14"><span class='ocrx_word' id='word_1_68' title='bbox 215 966 554 1017; x_wconf 84' lang='lat' dir='ltr'><strong>destruxerunt,</strong></span> <span class='ocrx_word' id='word_1_69' title='bbox 575 973 622 1009; x_wconf 90' lang='lat' dir='ltr'><strong>et</strong></span> <span class='ocrx_word' id='word_1_70' title='bbox 661 967 858 1021; x_wconf 88' lang='lat' dir='ltr'><strong>Spiritus</strong></span> <span class='ocrx_word' id='word_1_71' title='bbox 891 966 1064 1016; x_wconf 85' lang='lat' dir='ltr'><strong>Sancti,</strong></span> <span class='ocrx_word' id='word_1_72' title='bbox 1093 979 1122 1008; x_wconf 88' lang='lat' dir='ltr'><strong>a</strong></span> <span class='ocrx_word' id='word_1_73' title='bbox 1158 981 1250 1021; x_wconf 92' lang='lat' dir='ltr'><strong>quo</strong></span> <span class='ocrx_word' id='word_1_74' title='bbox 1286 968 1488 1021; x_wconf 87' lang='lat' dir='ltr'><strong>separati</strong></span> 
     </span>
     <span class='ocr_line' id='line_1_12' title="bbox 215 1033 1489 1088; baseline 0.001 -14"><span class='ocrx_word' id='word_1_75' title='bbox 215 1033 374 1075; x_wconf 90' lang='lat' dir='ltr'><strong>insane</strong></span> <span class='ocrx_word' id='word_1_76' title='bbox 398 1034 705 1075; x_wconf 89' lang='lat' dir='ltr'><strong>ceciderunt.&#39;&#39;</strong></span> <span class='ocrx_word' id='word_1_77' title='bbox 776 1033 1119 1086; x_wconf 88' lang='lat' dir='ltr'><strong>Confestimque</strong></span> <span class='ocrx_word' id='word_1_78' title='bbox 1137 1034 1373 1088; x_wconf 87' lang='lat' dir='ltr'><strong>respondit</strong></span> <span class='ocrx_word' id='word_1_79' title='bbox 1391 1047 1489 1075; x_wconf 89' lang='lat' dir='ltr'><strong>om-</strong></span> 
     </span>
     <span class='ocr_line' id='line_1_13' title="bbox 217 1098 1488 1154; baseline 0.002 -15"><span class='ocrx_word' id='word_1_80' title='bbox 217 1100 286 1140; x_wconf 89' lang='lat' dir='ltr'><strong>nis</strong></span> <span class='ocrx_word' id='word_1_81' title='bbox 299 1101 496 1154; x_wconf 89' lang='lat' dir='ltr'><strong>populus</strong></span> <span class='ocrx_word' id='word_1_82' title='bbox 511 1106 522 1125; x_wconf 88' lang='lat'>‘</span> <span class='ocrx_word' id='word_1_83' title='bbox 539 1098 773 1153; x_wconf 75' lang='lat' dir='ltr'><strong>Angliae,’²</strong></span> <span class='ocrx_word' id='word_1_84' title='bbox 791 1103 820 1123; x_wconf 92' lang='lat'><strong>“</strong></span> <span class='ocrx_word' id='word_1_85' title='bbox 830 1098 996 1148; x_wconf 90' lang='lat' dir='ltr'><strong>Amen,</strong></span> <span class='ocrx_word' id='word_1_86' title='bbox 1012 1112 1147 1140; x_wconf 89' lang='lat' dir='ltr'><strong>amen</strong></span> <span class='ocrx_word' id='word_1_87' title='bbox 1159 1100 1200 1141; x_wconf 89' lang='lat'><strong>!&#39;’</strong></span> <span class='ocrx_word' id='word_1_88' title='bbox 1223 1105 1269 1142; x_wconf 90' lang='lat' dir='ltr'><strong>et</strong></span> <span class='ocrx_word' id='word_1_89' title='bbox 1283 1100 1488 1141; x_wconf 91' lang='lat' dir='ltr'><strong>resonuit</strong></span> 
     </span>
    </p>
   </div>
   <div class='ocr_carea' id='block_1_3' title="bbox 1520 390 1688 454">
    <p class='ocr_par' dir='ltr' id='par_1_3' title="bbox 1520 390 1688 454">
     <span class='ocr_line' id='line_1_14' title="bbox 1537 390 1671 422; baseline -0.015 -6"><span class='ocrx_word' id='word_1_90' title='bbox 1537 390 1671 422; x_wconf 75' lang='lat' dir='ltr'><strong>Stephon.</strong></span> 
     </span>
     <span class='ocr_line' id='line_1_15' title="bbox 1520 423 1688 454; baseline -0.012 -5"><span class='ocrx_word' id='word_1_91' title='bbox 1520 424 1554 449; x_wconf 79' lang='grc' dir='ltr'><strong>Α.</strong></span> <span class='ocrx_word' id='word_1_92' title='bbox 1566 424 1600 449; x_wconf 82' lang='grc'><strong>1).</strong></span> <span class='ocrx_word' id='word_1_93' title='bbox 1608 424 1624 454; x_wconf 59' lang='grc' dir='ltr'><strong>Υι</strong></span> <span class='ocrx_word' id='word_1_94' title='bbox 1630 424 1639 448; x_wconf 88' lang='grc' dir='ltr'>ι</span> <span class='ocrx_word' id='word_1_95' title='bbox 1646 423 1688 447; x_wconf 81' lang='lat'><strong>38.</strong></span> 
     </span>
    </p>
   </div>
   <div class='ocr_carea' id='block_1_4' title="bbox 1500 457 1698 465">
    <p class='ocr_par' dir='ltr' id='par_1_4' title="bbox 1500 457 1698 465">
     <span class='ocr_line' id='line_1_16' title="bbox 1500 457 1698 465; baseline 0 2721"><span class='ocrx_word' id='word_1_96' title='bbox 1500 457 1698 465; x_wconf 95' lang='lat' dir='ltr'><strong> </strong></span> 
     </span>
    </p>
   </div>
   <div class='ocr_carea' id='block_1_5' title="bbox 216 1165 1682 1219">
    <p class='ocr_par' dir='ltr' id='par_1_5' title="bbox 216 1165 1682 1219">
     <span class='ocr_line' id='line_1_17' title="bbox 216 1165 1682 1219; baseline -0.001 -13"><span class='ocrx_word' id='word_1_97' title='bbox 216 1170 340 1207; x_wconf 90' lang='lat' dir='ltr'><strong>terra</strong></span> <span class='ocrx_word' id='word_1_98' title='bbox 381 1167 429 1207; x_wconf 90' lang='lat' dir='ltr'><strong>in</strong></span> <span class='ocrx_word' id='word_1_99' title='bbox 475 1179 612 1208; x_wconf 90' lang='lat' dir='ltr'><strong>voces</strong></span> <span class='ocrx_word' id='word_1_100' title='bbox 660 1165 857 1207; x_wconf 84' lang='lat' dir='ltr'><strong>illorum.</strong></span> <span class='ocrx_word' id='word_1_101' title='bbox 946 1165 1281 1219; x_wconf 87' lang='lat' dir='ltr'><strong>Superveniens</strong></span> <span class='ocrx_word' id='word_1_102' title='bbox 1334 1171 1487 1208; x_wconf 89' lang='lat' dir='ltr'><strong>autem</strong></span> <span class='ocrx_word' id='word_1_103' title='bbox 1505 1180 1682 1213; x_wconf 81' lang='lat' dir='ltr'><strong>Description</strong></span> 
     </span>
    </p>
   </div>
   <div class='ocr_carea' id='block_1_6' title="bbox 215 1230 1489 2538">
    <p class='ocr_par' dir='ltr' id='par_1_6' title="bbox 215 1230 1489 2538">
     <span class='ocr_line' id='line_1_18' title="bbox 218 1230 1487 1284; baseline 0.002 -12"><span class='ocrx_word' id='word_1_104' title='bbox 218 1231 460 1274; x_wconf 91' lang='lat' dir='ltr'><strong>Scotorum</strong></span> <span class='ocrx_word' id='word_1_105' title='bbox 490 1232 721 1274; x_wconf 85' lang='lat' dir='ltr'><strong>exercitus</strong></span> <span class='ocrx_word' id='word_1_106' title='bbox 758 1231 1039 1274; x_wconf 87' lang='lat' dir='ltr'><strong>exclamavit</strong></span> <span class='ocrx_word' id='word_1_107' title='bbox 1081 1230 1332 1284; x_wconf 80' lang='lat' dir='ltr'><strong>‘insigne&#39;³</strong></span> <span class='ocrx_word' id='word_1_108' title='bbox 1373 1231 1487 1274; x_wconf 93' lang='lat' dir='ltr'><strong>illud</strong></span> 
     </span>
     <span class='ocr_line' id='line_1_19' title="bbox 217 1297 1488 1351; baseline 0.001 -12"><span class='ocrx_word' id='word_1_109' title='bbox 217 1311 502 1351; x_wconf 88' lang='lat' dir='ltr'><strong>responsum,</strong></span> <span class='ocrx_word' id='word_1_110' title='bbox 533 1297 758 1347; x_wconf 87' lang='lat' dir='ltr'><strong>“Albani,</strong></span> <span class='ocrx_word' id='word_1_111' title='bbox 783 1297 956 1339; x_wconf 87' lang='lat' dir='ltr'><strong>Albani</strong></span> <span class='ocrx_word' id='word_1_112' title='bbox 971 1297 1012 1339; x_wconf 88' lang='lat'><strong>!&#39;’</strong></span> <span class='ocrx_word' id='word_1_113' title='bbox 1056 1302 1103 1339; x_wconf 85' lang='lat' dir='ltr'><strong>et</strong></span> <span class='ocrx_word' id='word_1_114' title='bbox 1133 1310 1243 1339; x_wconf 86' lang='lat' dir='ltr'><strong>mox</strong></span> <span class='ocrx_word' id='word_1_115' title='bbox 1274 1303 1488 1341; x_wconf 88' lang='lat' dir='ltr'><strong>conserta</strong></span> 
     </span>
     <span class='ocr_line' id='line_1_20' title="bbox 215 1363 1488 1417; baseline 0.002 -13"><span class='ocrx_word' id='word_1_116' title='bbox 215 1377 373 1417; x_wconf 87' lang='lat' dir='ltr'><strong>pugna</strong></span> <span class='ocrx_word' id='word_1_117' title='bbox 411 1370 535 1406; x_wconf 90' lang='lat' dir='ltr'><strong>totus</strong></span> <span class='ocrx_word' id='word_1_118' title='bbox 571 1364 745 1405; x_wconf 91' lang='lat' dir='ltr'><strong>clamor</strong></span> <span class='ocrx_word' id='word_1_119' title='bbox 778 1364 1023 1417; x_wconf 87' lang='lat' dir='ltr'><strong>absorptus</strong></span> <span class='ocrx_word' id='word_1_120' title='bbox 1057 1367 1143 1404; x_wconf 88' lang='lat' dir='ltr'><strong>est.</strong></span> <span class='ocrx_word' id='word_1_121' title='bbox 1214 1363 1342 1406; x_wconf 87' lang='lat' dir='ltr'><strong>Gens</strong></span> <span class='ocrx_word' id='word_1_122' title='bbox 1379 1378 1488 1406; x_wconf 88' lang='lat' dir='ltr'><strong>vero</strong></span> 
     </span>
     <span class='ocr_line' id='line_1_21' title="bbox 216 1429 1488 1483; baseline 0.002 -13"><span class='ocrx_word' id='word_1_123' title='bbox 216 1435 374 1471; x_wconf 86' lang='lat' dir='ltr'><strong>nostra</strong></span> <span class='ocrx_word' id='word_1_124' title='bbox 395 1431 566 1472; x_wconf 88' lang='lat' dir='ltr'><strong>circum</strong></span> <span class='ocrx_word' id='word_1_125' title='bbox 586 1430 630 1472; x_wconf 92' lang='lat' dir='ltr'><strong>le</strong></span> <span class='ocrx_word' id='word_1_126' title='bbox 652 1430 881 1471; x_wconf 87' lang='lat' dir='ltr'><strong>Standard</strong></span> <span class='ocrx_word' id='word_1_127' title='bbox 904 1429 1185 1482; x_wconf 90' lang='lat' dir='ltr'><strong>conglobata</strong></span> <span class='ocrx_word' id='word_1_128' title='bbox 1213 1430 1488 1483; x_wconf 85' lang='lat' dir='ltr'><strong>persistebat</strong></span> 
     </span>
     <span class='ocr_line' id='line_1_22' title="bbox 215 1496 1489 1549; baseline 0.002 -13"><span class='ocrx_word' id='word_1_129' title='bbox 215 1496 472 1546; x_wconf 89' lang='lat' dir='ltr'><strong>immobilis,</strong></span> <span class='ocrx_word' id='word_1_130' title='bbox 520 1502 567 1538; x_wconf 86' lang='lat' dir='ltr'><strong>et</strong></span> <span class='ocrx_word' id='word_1_131' title='bbox 614 1497 702 1538; x_wconf 87' lang='lat' dir='ltr'><strong>viri</strong></span> <span class='ocrx_word' id='word_1_132' title='bbox 743 1497 974 1549; x_wconf 88' lang='lat' dir='ltr'><strong>sagittarii</strong></span> <span class='ocrx_word' id='word_1_133' title='bbox 1016 1496 1246 1549; x_wconf 85' lang='lat' dir='ltr'><strong>equitibus</strong></span> <span class='ocrx_word' id='word_1_134' title='bbox 1290 1496 1489 1539; x_wconf 85' lang='lat' dir='ltr'><strong>immixti</strong></span> 
     </span>
     <span class='ocr_line' id='line_1_23' title="bbox 217 1561 1487 1617; baseline 0.001 -15"><span class='ocrx_word' id='word_1_135' title='bbox 217 1561 410 1603; x_wconf 87' lang='lat' dir='ltr'><strong>inermes</strong></span> <span class='ocrx_word' id='word_1_136' title='bbox 443 1563 605 1605; x_wconf 91' lang='lat' dir='ltr'><strong>Scotos</strong></span> <span class='ocrx_word' id='word_1_137' title='bbox 636 1563 831 1616; x_wconf 89' lang='lat' dir='ltr'><strong>sparsim</strong></span> <span class='ocrx_word' id='word_1_138' title='bbox 855 1563 1183 1616; x_wconf 88' lang='lat' dir='ltr'><strong>penetrabant;</strong></span> <span class='ocrx_word' id='word_1_139' title='bbox 1224 1562 1345 1604; x_wconf 87' lang='lat' dir='ltr'><strong>inter</strong></span> <span class='ocrx_word' id='word_1_140' title='bbox 1371 1576 1487 1617; x_wconf 91' lang='lat' dir='ltr'><strong>quos</strong></span> 
     </span>
     <span class='ocr_line' id='line_1_24' title="bbox 217 1628 1487 1681; baseline 0.002 -13"><span class='ocrx_word' id='word_1_141' title='bbox 217 1641 394 1670; x_wconf 93' lang='lat' dir='ltr'><strong>summo</strong></span> <span class='ocrx_word' id='word_1_142' title='bbox 435 1629 549 1670; x_wconf 91' lang='lat' dir='ltr'><strong>duce</strong></span> <span class='ocrx_word' id='word_1_143' title='bbox 593 1628 931 1670; x_wconf 88' lang='lat' dir='ltr'><strong>Lodonensium</strong></span> <span class='ocrx_word' id='word_1_144' title='bbox 980 1628 1059 1681; x_wconf 90' lang='lat' dir='ltr'><strong>qui</strong></span> <span class='ocrx_word' id='word_1_145' title='bbox 1108 1628 1303 1681; x_wconf 84' lang='lat' dir='ltr'><strong>primam</strong></span> <span class='ocrx_word' id='word_1_146' title='bbox 1343 1629 1487 1670; x_wconf 90' lang='lat' dir='ltr'><strong>aciem</strong></span> 
     </span>
     <span class='ocr_line' id='line_1_25' title="bbox 217 1694 1487 1748; baseline 0.002 -14"><span class='ocrx_word' id='word_1_147' title='bbox 217 1707 276 1735; x_wconf 86' lang='lat' dir='ltr'><strong>ex</strong></span> <span class='ocrx_word' id='word_1_148' title='bbox 320 1700 450 1748; x_wconf 91' lang='lat' dir='ltr'><strong>parte</strong></span> <span class='ocrx_word' id='word_1_149' title='bbox 492 1695 731 1736; x_wconf 87' lang='lat' dir='ltr'><strong>Scotorum</strong></span> <span class='ocrx_word' id='word_1_150' title='bbox 778 1694 991 1743; x_wconf 87' lang='lat' dir='ltr'><strong>habebat,</strong></span> <span class='ocrx_word' id='word_1_151' title='bbox 1037 1694 1212 1746; x_wconf 87' lang='lat' dir='ltr'><strong>sagitta</strong></span> <span class='ocrx_word' id='word_1_152' title='bbox 1254 1707 1487 1747; x_wconf 90' lang='lat' dir='ltr'><strong>percusso,</strong></span> 
     </span>
     <span class='ocr_line' id='line_1_26' title="bbox 218 1760 1489 1814; baseline 0 -13"><span class='ocrx_word' id='word_1_153' title='bbox 218 1761 390 1802; x_wconf 90' lang='lat' dir='ltr'><strong>corruit</strong></span> <span class='ocrx_word' id='word_1_154' title='bbox 419 1761 532 1814; x_wconf 89' lang='lat' dir='ltr'><strong>ipse,</strong></span> <span class='ocrx_word' id='word_1_155' title='bbox 558 1765 604 1801; x_wconf 85' lang='lat' dir='ltr'><strong>ct</strong></span> <span class='ocrx_word' id='word_1_156' title='bbox 632 1765 732 1802; x_wconf 90' lang='lat' dir='ltr'><strong>tota</strong></span> <span class='ocrx_word' id='word_1_157' title='bbox 760 1772 872 1812; x_wconf 80' lang='lat' dir='ltr'><strong>gens</strong></span> <span class='ocrx_word' id='word_1_158' title='bbox 902 1772 986 1801; x_wconf 90' lang='lat' dir='ltr'><strong>sua</strong></span> <span class='ocrx_word' id='word_1_159' title='bbox 1011 1760 1058 1800; x_wconf 93' lang='lat' dir='ltr'><strong>in</strong></span> <span class='ocrx_word' id='word_1_160' title='bbox 1081 1760 1239 1812; x_wconf 87' lang='lat' dir='ltr'><strong>fugam</strong></span> <span class='ocrx_word' id='word_1_161' title='bbox 1268 1773 1489 1801; x_wconf 89' lang='lat' dir='ltr'><strong>conversa</strong></span> 
     </span>
     <span class='ocr_line' id='line_1_27' title="bbox 218 1825 1487 1879; baseline 0 -12"><span class='ocrx_word' id='word_1_162' title='bbox 218 1831 302 1868; x_wconf 88' lang='lat' dir='ltr'><strong>est.</strong></span> <span class='ocrx_word' id='word_1_163' title='bbox 374 1826 510 1877; x_wconf 84' lang='lat' dir='ltr'><strong>Quod</strong></span> <span class='ocrx_word' id='word_1_164' title='bbox 555 1826 712 1868; x_wconf 89' lang='lat' dir='ltr'><strong>videns</strong></span> <span class='ocrx_word' id='word_1_165' title='bbox 751 1826 994 1867; x_wconf 88' lang='lat' dir='ltr'><strong>Scotorum</strong></span> <span class='ocrx_word' id='word_1_166' title='bbox 1036 1826 1157 1867; x_wconf 85' lang='lat' dir='ltr'><strong>acies</strong></span> <span class='ocrx_word' id='word_1_167' title='bbox 1198 1825 1344 1867; x_wconf 91' lang='lat' dir='ltr'><strong>altera</strong></span> <span class='ocrx_word' id='word_1_168' title='bbox 1383 1839 1487 1879; x_wconf 87' lang='lat' dir='ltr'><strong>quae</strong></span> 
     </span>
     <span class='ocr_line' id='line_1_28' title="bbox 218 1890 1488 1946; baseline -0.001 -12"><span class='ocrx_word' id='word_1_169' title='bbox 218 1906 277 1934; x_wconf 85' lang='lat' dir='ltr'><strong>ex</strong></span> <span class='ocrx_word' id='word_1_170' title='bbox 327 1893 521 1934; x_wconf 88' lang='lat' dir='ltr'><strong>adverso</strong></span> <span class='ocrx_word' id='word_1_171' title='bbox 567 1893 804 1946; x_wconf 85' lang='lat' dir='ltr'><strong>pugnabat</strong></span> <span class='ocrx_word' id='word_1_172' title='bbox 844 1892 1063 1932; x_wconf 89' lang='lat' dir='ltr'><strong>acerrime</strong></span> <span class='ocrx_word' id='word_1_173' title='bbox 1108 1890 1384 1945; x_wconf 72' lang='lat' dir='ltr'><strong>‘expavit,’⁴</strong></span> <span class='ocrx_word' id='word_1_174' title='bbox 1441 1897 1488 1933; x_wconf 92' lang='lat' dir='ltr'><strong>et</strong></span> 
     </span>
     <span class='ocr_line' id='line_1_29' title="bbox 216 1957 1488 2011; baseline 0 -12"><span class='ocrx_word' id='word_1_175' title='bbox 216 1959 338 2011; x_wconf 88' lang='lat' dir='ltr'><strong>fugae</strong></span> <span class='ocrx_word' id='word_1_176' title='bbox 382 1959 622 2000; x_wconf 87' lang='lat' dir='ltr'><strong>confestim</strong></span> <span class='ocrx_word' id='word_1_177' title='bbox 660 1957 865 2000; x_wconf 90' lang='lat' dir='ltr'><strong>indulsit.</strong></span> <span class='ocrx_word' id='word_1_178' title='bbox 947 1957 1140 2011; x_wconf 87' lang='lat' dir='ltr'><strong>Regalis</strong></span> <span class='ocrx_word' id='word_1_179' title='bbox 1178 1962 1331 1999; x_wconf 87' lang='lat' dir='ltr'><strong>autem</strong></span> <span class='ocrx_word' id='word_1_180' title='bbox 1367 1958 1488 1999; x_wconf 91' lang='lat' dir='ltr'><strong>acies</strong></span> 
     </span>
     <span class='ocr_line' id='line_1_30' title="bbox 218 2023 1487 2079; baseline -0.001 -13"><span class='ocrx_word' id='word_1_181' title='bbox 218 2038 353 2078; x_wconf 86' lang='lat' dir='ltr'><strong>quam</strong></span> <span class='ocrx_word' id='word_1_182' title='bbox 391 2025 489 2079; x_wconf 92' lang='lat' dir='ltr'><strong>ipse</strong></span> <span class='ocrx_word' id='word_1_183' title='bbox 526 2038 608 2066; x_wconf 83' lang='lat' dir='ltr'><strong>rex</strong></span> <span class='ocrx_word' id='word_1_184' title='bbox 643 2024 797 2066; x_wconf 89' lang='lat' dir='ltr'><strong>David</strong></span> <span class='ocrx_word' id='word_1_185' title='bbox 836 2037 895 2065; x_wconf 89' lang='lat' dir='ltr'><strong>ex</strong></span> <span class='ocrx_word' id='word_1_186' title='bbox 928 2023 1137 2079; x_wconf 89' lang='lat' dir='ltr'><strong>plurimis</strong></span> <span class='ocrx_word' id='word_1_187' title='bbox 1171 2024 1487 2074; x_wconf 89' lang='lat' dir='ltr'><strong>constituerat,</strong></span> 
     </span>
     <span class='ocr_line' id='line_1_31' title="bbox 218 2090 1488 2144; baseline -0.001 -12"><span class='ocrx_word' id='word_1_188' title='bbox 218 2092 352 2132; x_wconf 90' lang='lat' dir='ltr'><strong>simul</strong></span> <span class='ocrx_word' id='word_1_189' title='bbox 387 2096 439 2132; x_wconf 90' lang='lat' dir='ltr'><strong>ut</strong></span> <span class='ocrx_word' id='word_1_190' title='bbox 477 2091 562 2132; x_wconf 92' lang='lat' dir='ltr'><strong>hoc</strong></span> <span class='ocrx_word' id='word_1_191' title='bbox 597 2091 726 2140; x_wconf 88' lang='lat' dir='ltr'><strong>vidit,</strong></span> <span class='ocrx_word' id='word_1_192' title='bbox 761 2091 906 2144; x_wconf 89' lang='lat' dir='ltr'><strong>primo</strong></span> <span class='ocrx_word' id='word_1_193' title='bbox 938 2090 1206 2143; x_wconf 87' lang='lat' dir='ltr'><strong>singillatim</strong></span> <span class='ocrx_word' id='word_1_194' title='bbox 1245 2095 1292 2131; x_wconf 88' lang='lat' dir='ltr'><strong>et</strong></span> <span class='ocrx_word' id='word_1_195' title='bbox 1325 2095 1488 2143; x_wconf 88' lang='lat' dir='ltr'><strong>postea</strong></span> 
     </span>
     <span class='ocr_line' id='line_1_32' title="bbox 218 2156 1488 2210; baseline -0.001 -12"><span class='ocrx_word' id='word_1_196' title='bbox 218 2157 487 2198; x_wconf 85' lang='lat' dir='ltr'><strong>catervatim</strong></span> <span class='ocrx_word' id='word_1_197' title='bbox 531 2161 767 2210; x_wconf 86' lang='lat' dir='ltr'><strong>coeperunt</strong></span> <span class='ocrx_word' id='word_1_198' title='bbox 809 2156 1044 2208; x_wconf 86' lang='lat' dir='ltr'><strong>aufugere,</strong></span> <span class='ocrx_word' id='word_1_199' title='bbox 1088 2169 1195 2209; x_wconf 86' lang='lat' dir='ltr'><strong>rege</strong></span> <span class='ocrx_word' id='word_1_200' title='bbox 1230 2156 1328 2210; x_wconf 75' lang='lat' dir='ltr'><strong>Jam</strong></span> <span class='ocrx_word' id='word_1_201' title='bbox 1372 2169 1488 2210; x_wconf 91' lang='lat' dir='ltr'><strong>pene</strong></span> 
     </span>
     <span class='ocr_line' id='line_1_33' title="bbox 219 2219 1488 2276; baseline -0.001 -12"><span class='ocrx_word' id='word_1_202' title='bbox 219 2223 318 2264; x_wconf 91' lang='lat' dir='ltr'><strong>solo</strong></span> <span class='ocrx_word' id='word_1_203' title='bbox 363 2227 374 2244; x_wconf 93' lang='lat'>‘</span> <span class='ocrx_word' id='word_1_204' title='bbox 394 2219 702 2273; x_wconf 83' lang='lat' dir='ltr'><strong>existente;&#39;⁵</strong></span> <span class='ocrx_word' id='word_1_205' title='bbox 754 2222 876 2276; x_wconf 91' lang='lat' dir='ltr'><strong>quod</strong></span> <span class='ocrx_word' id='word_1_206' title='bbox 928 2221 1134 2263; x_wconf 88' lang='lat' dir='ltr'><strong>videntes</strong></span> <span class='ocrx_word' id='word_1_207' title='bbox 1180 2223 1315 2263; x_wconf 85' lang='lat' dir='ltr'><strong>amici</strong></span> <span class='ocrx_word' id='word_1_208' title='bbox 1366 2223 1488 2275; x_wconf 87' lang='lat' dir='ltr'><strong>regis</strong></span> 
     </span>
     <span class='ocr_line' id='line_1_34' title="bbox 217 2287 1486 2342; baseline -0.002 -12"><span class='ocrx_word' id='word_1_209' title='bbox 217 2295 468 2342; x_wconf 90' lang='lat' dir='ltr'><strong>coegerunt</strong></span> <span class='ocrx_word' id='word_1_210' title='bbox 521 2302 624 2329; x_wconf 90' lang='lat' dir='ltr'><strong>eum</strong></span> <span class='ocrx_word' id='word_1_211' title='bbox 678 2288 894 2342; x_wconf 90' lang='lat' dir='ltr'><strong>sonipede</strong></span> <span class='ocrx_word' id='word_1_212' title='bbox 949 2293 1132 2341; x_wconf 88' lang='lat' dir='ltr'><strong>arrepto</strong></span> <span class='ocrx_word' id='word_1_213' title='bbox 1182 2292 1314 2340; x_wconf 88' lang='lat' dir='ltr'><strong>terga</strong></span> <span class='ocrx_word' id='word_1_214' title='bbox 1363 2287 1486 2329; x_wconf 88' lang='lat' dir='ltr'><strong>dare.</strong></span> 
     </span>
     <span class='ocr_line' id='line_1_35' title="bbox 223 2347 1487 2407; baseline -0.002 -12"><span class='ocrx_word' id='word_1_215' title='bbox 223 2355 365 2395; x_wconf 91' lang='lat' dir='ltr'><strong>Filius</strong></span> <span class='ocrx_word' id='word_1_216' title='bbox 387 2360 542 2397; x_wconf 91' lang='lat' dir='ltr'><strong>autem</strong></span> <span class='ocrx_word' id='word_1_217' title='bbox 563 2356 682 2407; x_wconf 91' lang='lat' dir='ltr'><strong>regis</strong></span> <span class='ocrx_word' id='word_1_218' title='bbox 703 2358 714 2376; x_wconf 93' lang='lat'>‘</span> <span class='ocrx_word' id='word_1_219' title='bbox 730 2347 1109 2395; x_wconf 82' lang='lat' dir='ltr'><strong>strenuissimus&#39;6</strong></span> <span class='ocrx_word' id='word_1_220' title='bbox 1132 2365 1223 2393; x_wconf 92' lang='lat' dir='ltr'><strong>non</strong></span> <span class='ocrx_word' id='word_1_221' title='bbox 1247 2353 1487 2394; x_wconf 90' lang='lat' dir='ltr'><strong>attendens</strong></span> 
     </span>
     <span class='ocr_line' id='line_1_36' title="bbox 219 2418 1487 2473; baseline -0.001 -12"><span class='ocrx_word' id='word_1_222' title='bbox 219 2421 277 2461; x_wconf 87' lang='lat' dir='ltr'><strong>ad</strong></span> <span class='ocrx_word' id='word_1_223' title='bbox 313 2420 424 2469; x_wconf 86' lang='lat' dir='ltr'><strong>haec,</strong></span> <span class='ocrx_word' id='word_1_224' title='bbox 457 2421 538 2461; x_wconf 90' lang='lat' dir='ltr'><strong>sed</strong></span> <span class='ocrx_word' id='word_1_225' title='bbox 567 2420 653 2461; x_wconf 93' lang='lat' dir='ltr'><strong>soli</strong></span> <span class='ocrx_word' id='word_1_226' title='bbox 682 2420 841 2473; x_wconf 86' lang='lat' dir='ltr'><strong>gloriae</strong></span> <span class='ocrx_word' id='word_1_227' title='bbox 876 2424 923 2461; x_wconf 90' lang='lat' dir='ltr'><strong>et</strong></span> <span class='ocrx_word' id='word_1_228' title='bbox 959 2419 1135 2468; x_wconf 89' lang='lat' dir='ltr'><strong>virtuti,</strong></span> <span class='ocrx_word' id='word_1_229' title='bbox 1171 2418 1284 2459; x_wconf 90' lang='lat' dir='ltr'><strong>miro</strong></span> <span class='ocrx_word' id='word_1_230' title='bbox 1314 2419 1487 2472; x_wconf 91' lang='lat' dir='ltr'><strong>impetu</strong></span> 
     </span>
     <span class='ocr_line' id='line_1_37' title="bbox 219 2483 1487 2538; baseline -0.002 -11"><span class='ocrx_word' id='word_1_231' title='bbox 219 2487 362 2527; x_wconf 88' lang='lat' dir='ltr'><strong>aciem</strong></span> <span class='ocrx_word' id='word_1_232' title='bbox 383 2491 641 2527; x_wconf 90' lang='lat' dir='ltr'><strong>nostrorum</strong></span> <span class='ocrx_word' id='word_1_233' title='bbox 659 2485 917 2538; x_wconf 87' lang='lat' dir='ltr'><strong>impetendo</strong></span> <span class='ocrx_word' id='word_1_234' title='bbox 938 2484 1176 2538; x_wconf 88' lang='lat' dir='ltr'><strong>percussit,</strong></span> <span class='ocrx_word' id='word_1_235' title='bbox 1199 2483 1279 2524; x_wconf 91' lang='lat' dir='ltr'><strong>sed</strong></span> <span class='ocrx_word' id='word_1_236' title='bbox 1304 2484 1487 2526; x_wconf 89' lang='lat' dir='ltr'><strong>tandem</strong></span> 
     </span>
    </p>
   </div>
   <div class='ocr_carea' id='block_1_7' title="bbox 269 2589 1487 2632">
    <p class='ocr_par' dir='ltr' id='par_1_7' title="bbox 269 2589 1487 2632">
     <span class='ocr_line' id='line_1_38' title="bbox 269 2589 1487 2632; baseline -0.002 -7"><span class='ocrx_word' id='word_1_237' title='bbox 269 2591 277 2610; x_wconf 90' lang='lat'>¹</span> <span class='ocrx_word' id='word_1_238' title='bbox 302 2593 454 2625; x_wconf 87' lang='lat' dir='ltr'><strong>Omitted</strong></span> <span class='ocrx_word' id='word_1_239' title='bbox 469 2594 504 2624; x_wconf 89' lang='lat' dir='ltr'><strong>in</strong></span> <span class='ocrx_word' id='word_1_240' title='bbox 521 2593 596 2624; x_wconf 88' lang='lat' dir='ltr'><strong>MS.</strong></span> <span class='ocrx_word' id='word_1_241' title='bbox 613 2592 702 2624; x_wconf 90' lang='lat' dir='ltr'><strong>Coll.</strong></span> <span class='ocrx_word' id='word_1_242' title='bbox 719 2592 813 2624; x_wconf 89' lang='lat' dir='ltr'><strong>Arm.</strong></span> <span class='ocrx_word' id='word_1_243' title='bbox 917 2589 931 2609; x_wconf 80' lang='lat'><strong><em>⁴</em></strong></span> <span class='ocrx_word' id='word_1_244' title='bbox 970 2592 979 2607; x_wconf 92' lang='lat'>‘</span> <span class='ocrx_word' id='word_1_245' title='bbox 1003 2591 1142 2630; x_wconf 86' lang='lat' dir='ltr'><strong>expavit</strong></span> <span class='ocrx_word' id='word_1_246' title='bbox 1179 2591 1313 2632; x_wconf 72' lang='lat' dir='ltr'><strong>animo,¹</strong></span> <span class='ocrx_word' id='word_1_247' title='bbox 1387 2591 1487 2623; x_wconf 92' lang='lat' dir='ltr'><strong>MSS.</strong></span> 
     </span>
    </p>
   </div>
   <div class='ocr_carea' id='block_1_8' title="bbox 224 2636 1488 2807">
    <p class='ocr_par' dir='ltr' id='par_1_8' title="bbox 224 2636 1488 2807">
     <span class='ocr_line' id='line_1_39' title="bbox 266 2636 1421 2722; baseline -0.002 -29"><span class='ocrx_word' id='word_1_248' title='bbox 266 2659 279 2678; x_wconf 81' lang='lat'>²</span> <span class='ocrx_word' id='word_1_249' title='bbox 302 2661 454 2693; x_wconf 76' lang='lat' dir='ltr'><strong>omitted</strong></span> <span class='ocrx_word' id='word_1_250' title='bbox 470 2662 504 2692; x_wconf 78' lang='lat' dir='ltr'><strong>in</strong></span> <span class='ocrx_word' id='word_1_251' title='bbox 521 2660 814 2693; x_wconf 76' lang='lat' dir='ltr'><strong>Ms.con.A1-m.</strong></span> <span class='ocrx_word' id='word_1_252' title='bbox 873 2636 1279 2722; x_wconf 50' lang='lat' dir='ltr'><strong>L²?{‡·e};¹i{tg‡‘ttg·,&#39;¹iv⁵1¹‘s·</strong></span> <span class='ocrx_word' id='word_1_253' title='bbox 1307 2682 1421 2714; x_wconf 79' lang='lat' dir='ltr'><strong>Lansd</strong></span> 
     </span>
     <span class='ocr_line' id='line_1_40' title="bbox 267 2705 1488 2770; baseline 0.001 -11"><span class='ocrx_word' id='word_1_254' title='bbox 267 2730 280 2748; x_wconf 82' lang='lat'>³</span> <span class='ocrx_word' id='word_1_255' title='bbox 317 2729 469 2769; x_wconf 81' lang='lat' dir='ltr'><strong>‘insigne</strong></span> <span class='ocrx_word' id='word_1_256' title='bbox 528 2728 698 2768; x_wconf 83' lang='lat' dir='ltr'><strong>patrium,&#39;</strong></span> <span class='ocrx_word' id='word_1_257' title='bbox 760 2728 834 2760; x_wconf 91' lang='lat' dir='ltr'><strong>MS.</strong></span> <span class='ocrx_word' id='word_1_258' title='bbox 916 2726 929 2747; x_wconf 89' lang='lat'>⁶</span> <span class='ocrx_word' id='word_1_259' title='bbox 952 2706 1225 2761; x_wconf 62' lang='lat' dir='ltr'><strong>‘strenuissim’us</strong></span> <span class='ocrx_word' id='word_1_260' title='bbox 1234 2706 1397 2770; x_wconf 55' lang='lat' dir='ltr'><strong>juvenisss</strong></span> <span class='ocrx_word' id='word_1_261' title='bbox 1412 2705 1488 2761; x_wconf 74' lang='lat' dir='ltr'><strong>MS.</strong></span> 
     </span>
     <span class='ocr_line' id='line_1_41' title="bbox 224 2775 996 2807; baseline 0 -1"><span class='ocrx_word' id='word_1_262' title='bbox 224 2775 346 2806; x_wconf 86' lang='lat' dir='ltr'><strong>Lansd.</strong></span> <span class='ocrx_word' id='word_1_263' title='bbox 872 2775 996 2807; x_wconf 80' lang='lat' dir='ltr'><strong>Lansd.</strong></span> 
     </span>
    </p>
   </div>
   <div class='ocr_carea' id='block_1_9' title="bbox 1503 1214 1707 1239">
    <p class='ocr_par' dir='ltr' id='par_1_9' title="bbox 1503 1214 1707 1239">
     <span class='ocr_line' id='line_1_42' title="bbox 1503 1214 1707 1239; baseline 0 0"><span class='ocrx_word' id='word_1_264' title='bbox 1503 1214 1536 1239; x_wconf 71' lang='lat' dir='ltr'><strong>o!</strong></span> <span class='ocrx_word' id='word_1_265' title='bbox 1543 1214 1592 1239; x_wconf 78' lang='lat' dir='ltr'><strong>the</strong></span> <span class='ocrx_word' id='word_1_266' title='bbox 1610 1214 1707 1239; x_wconf 79' lang='lat' dir='ltr'><strong>battle.</strong></span> 
     </span>
    </p>
   </div>
  </div>
 </body>
</html>
