1866 3186
414 277 503 320 206
903 288 963 319 cn
970 288 1179 320 1101110οΝ

208 403 377 462 ffi‘ffffll‘
413 386 591 428 animos
625 387 672 428 in
706 387 975 440 praeclaram
1012 387 1226 429 fiduciam
1262 388 1425 430 erexit.
1487 387 1672 428 Interea

195 492 288 524 phin-p
299 473 392 517 bej—
413 465 496 493 rex
552 452 835 494 Francorum
867 452 1158 495 Vernullium
1208 454 1425 508 oppidum
1463 453 1668 503 obsedit;

195 525 285 583 ἓξὲξ
294 525 346 583 33⁰
413 531 495 560 rex
517 524 672 560 autem
688 517 943 573 Anglorum
965 523 1202 561 contracto
1222 520 1445 574 paulatim
1464 520 1671 561 exercitu

196 591 338 617 Verneuil·
413 597 504 625 non
546 585 682 638 longe
726 598 754 627 a
795 585 1053 632 Vernullio,
1093 586 1215 639 apud
1264 586 1501 627 castellum
1549 585 1670 639 quod

413 650 582 692 dicitur
601 650 775 705 Aquila
795 656 950 693 castra
971 655 1170 693 metatus
1203 656 1284 693 est.
1355 651 1562 705 Cumque
1590 665 1673 705 per

413 716 510 758 dies
545 717 722 771 aliquot
753 717 920 759 ibidem
955 717 1237 760 consedisset
1276 718 1557 759 Francorum
1589 730 1672 758 ex-

414 783 583 824 ercitus
618 783 726 825 licet
761 784 808 825 in
846 784 1187 838 oppugnatione
1218 783 1374 838 oppidi
1397 783 1542 825 multo
1572 795 1673 824 cas-

414 861 559 903 soque
590 849 745 891 labore
783 850 1046 899 sudaverat,
1070 849 1223 891 soluta
1258 855 1411 891 tamen
1437 849 1672 890 obsidione

415 916 632 967 recessit;
663 928 754 957 non
780 916 900 956 enim
931 915 1130 957 audebat
1152 929 1254 957 cum
1285 929 1391 968 rege
1412 914 1670 967 Anglorum

414 980 581 1022 bellum
604 981 901 1023 committere.
972 981 1119 1023 Porro
1150 995 1232 1022 rex
1267 994 1424 1022 eorum
1451 986 1672 1034 tanquam

415 1046 474 1087 ad
495 1046 820 1100 detergendum
839 1047 1062 1100 pudendae
1088 1047 1357 1088 recessionis
1379 1047 1673 1100 opprobrium

198 1126 331 1165 nestroys
341 1125 389 1151 the
415 1112 572 1154 urbem
634 1113 973 1167 Ebroycensem
1023 1125 1161 1167 quam
1212 1114 1339 1167 prius
1395 1112 1674 1166 spoliaverat

196 1159 358 1218 ssssffx‘ffflv'
415 1179 639 1232 pertinaci
672 1178 825 1220 surore
860 1179 1043 1230 evertit,
1069 1179 1238 1234 jubens
1270 1179 1509 1220 ecclesiam
1549 1179 1674 1220 beati

416 1245 606 1286 Taurini
649 1245 757 1298 igne
802 1245 1031 1287 succendi.
1122 1245 1183 1287 Et
1225 1258 1328 1286 011111
1371 1258 1467 1299 prae
1510 1244 1673 1286 timore

417 1311 506 1352 Dei
540 1311 727 1352 nefariae
751 1311 975 1366 jussionis
1005 1311 1158 1352 nullus
1183 1319 1406 1352 executor
1438 1310 1673 1361 existeret,

415 1377 622 1430 ipsemet,
660 1391 764 1419 cum
801 1376 1071 1430 quibusdam
1103 1377 1292 1430 perditis
1325 1390 1385 1417 ex
1416 1376 1496 1418 illo
1527 1376 1672 1417 homi-

417 1456 524 1484 num
546 1456 710 1496 genere
733 1456 847 1496 quos
882 1442 1104 1484 Ribaldos
1130 1447 1312 1492 vocant,
1332 1442 1475 1484 sacris
1499 1442 1673 1483 aedibus

414 1509 568 1561 ignem
591 1509 791 1558 immisit,
817 1513 862 1550 et
886 1508 1013 1550 abiit.
1083 1507 1265 1562 Quippe
1293 1521 1376 1549 rex
1415 1507 1673 1560 Anglorum

417 1575 473 1615 de
513 1575 840 1616 munitionibus
884 1587 985 1627 quae
1027 1574 1095 1615 illi
1133 1572 1388 1628 perierant¹
1433 1573 1672 1615 castellum

199 1646 377 1705 5332&
417 1640 567 1681 nobile
591 1641 711 1694 quod
747 1639 927 1682 Luches
960 1640 1128 1681 dicitur
1149 1653 1252 1681 cum
1274 1639 1546 1694 quibusdam
1570 1639 1673 1681 aliis

197 1713 330 1772 {ffilssgf
417 1706 579 1747 bellica
618 1711 741 1748 sorte
783 1706 971 1759 recepit,
1008 1706 1208 1748 hostium
1247 1719 1427 1760 quoque
1461 1706 1574 1747 fines
1606 1706 1674 1747 in-

307 1764 314 1772 ’
416 1784 601 1824 gressus
625 1772 856 1813 nonnullis
878 1772 1058 1814 fortiter
1079 1777 1125 1813 et
1149 1785 1365 1826 prospere
1385 1772 1525 1825 gestis
1542 1771 1673 1813 Win-

415 1837 627 1880 donicum
658 1839 844 1880 veniens
879 1838 1046 1879 ibidem
1077 1851 1159 1891 per
1182 1838 1278 1879 dies
1301 1838 1476 1891 aliquot
1499 1838 1672 1879 exerci-

414 1908 508 1944 tum
534 1904 769 1946 recreavit.
832 1903 937 1944 Rex
962 1907 1115 1944 autem
1139 1904 1418 1945 Francorum
1441 1916 1543 1944 cum
1568 1917 1670 1944 eum

414 1969 518 2010 hinc
545 1970 704 2010 abesse
738 1973 939 2022 putaret,
970 1982 1061 2010 non
1096 1969 1232 2021 longe
1265 1981 1292 2009 a
1325 1968 1673 2010 ‘Windonico'2

413 2038 567 2075 castra
603 2034 772 2087 posuit,
809 2034 888 2075 sed
927 2034 1112 2087 cognito
1155 2047 1306 2087 regem
1345 2033 1595 2075 Ricardum
1625 2035 1673 2075 in

414 2100 604 2141 civitate
638 2113 738 2142 esse
775 2100 1011 2141 confestim
1047 2100 1102 2141 de
1135 2105 1270 2141 nocte
1291 2100 1507 2151 recessit3
1544 2112 1676 2141 mane

415 2178 523 2207 vero
560 2166 684 2207 facto
720 2178 804 2206 rex
842 2165 1099 2219 Anglorum
1137 2167 1380 2208 abeuntem
1420 2165 1672 2207 exercitum

414 2236 697 2285 prosecutus,
736 2231 857 2284 regis
889 2231 1104 2284 fugientis
1141 2232 1349 2286 plaustra
1382 2236 1428 2272 et
1463 2231 1673 2281 clitellas,

416 2310 519 2339 cum
552 2297 823 2351 quibusdam
858 2298 1037 2339 arcanis
1069 2303 1116 2338 et
1150 2310 1266 2351 gaza
1299 2296 1556 2350 multiplici,
1593 2309 1673 2338 va-

198 2363 575 2434 imffurpaqoesriaque
615 2363 887 2417 supellectili
918 2363 1273 2417 comprehendit.
1343 2362 1513 2403 Eodem
1559 2367 1674 2404 tem-

210 2416 228 2434 ¹¹
265 2412 344 2440 qum*
355 2416 400 2434 Μ’
417 2442 527 2483 pore
549 2430 892 2483 inquietabatur
913 2443 995 2470 rex
1020 2428 1275 2483 Anglorum
1301 2428 1349 2469 in
1372 2427 1625 2481 Aquitania
1646 2441 1674 2469 a

420 2494 639 2537 Geofrido
665 2495 959 2536 Ranconensi
983 2499 1027 2536 et
1058 2508 1086 2536 a
1119 2495 1284 2536 comite
1310 2494 1673 2547 Engolesmensi,

419 2574 521 2602 cum
561 2561 831 2613 quibusdam
878 2560 1157 2601 Francorum
1197 2561 1263 2601 eis
1302 2559 1554 2614 adjunctis;
1595 2559 1674 2600 ubi

419 2639 521 2667 cum
541 2627 747 2668 exercitu
767 2627 953 2667 veniens
974 2625 1094 2668 filius
1114 2626 1237 2679 regis
1253 2625 1519 2674 Naverniae‚
1535 2625 1676 2665 frater

468 2782 475 2800 ¹
503 2785 601 2815 From
616 2782 694 2826 περὶ
709 2784 775 2815 and
791 2794 871 2816 sum.
1044 2781 1050 2826 Ι
1118 2781 1131 2799 ²
1153 2783 1164 2800 ‘
1176 2781 1387 2822 Vindonico,‘
1398 2781 1473 2813 MS.
1484 2781 1570 2813 Con.
1582 2783 1677 2814 Arm.
