1866 3186
502 281 729 312 WALTERI
763 281 824 311 DE
856 280 1232 311 HEMINGBURGH.
1405 271 1493 312 309

224 382 359 424 editae
382 383 565 425 fuerant
588 389 634 426 et
658 388 669 405 ‘
689 384 971 426 confirmatae
989 383 1040 426 :'-¹
1071 383 1271 437 dumque
1294 382 1359 424 sic
1379 374 1489 426 vota
1522 394 1692 453 {123an

222 460 307 488 sua
346 453 604 490 mutassent
647 449 695 490 in
731 450 862 491 varia
917 455 964 491 et
1009 450 1227 502 impacati
1278 449 1488 491 recedere
1550 445 1557 452 ⁰
1598 445 1604 452 '
1635 429 1693 452 Μ’

222 512 492 564 voluissent,
530 514 715 568 quidam
758 515 961 568 episcopi
995 515 1075 568 qui
1114 513 1307 555 aderant
1346 514 1486 555 inter-

222 585 473 631 posuerunt
509 585 665 633 partes
715 593 841 630 suas,
882 580 948 621 ita
988 579 1110 634 quod
1146 580 1258 633 ipsis
1301 583 1347 620 et
1385 579 1487 620 aliis

223 644 381 685 amicis
413 646 729 686 communibus
758 646 824 686 sic
848 658 951 686 cum
983 644 1252 686 difficultate
1282 643 1486 685 median·
1503 653 1686 679 Theoontro-

222 709 346 749 tibus
390 710 799 763 compromiserunt
841 715 996 763 partes
1030 710 1244 763 utrinque
1287 722 1337 750 se
1368 709 1487 750 velle
1503 686 1702 776 ἷῖἱτίᾛίξῗῐῗῐιο

222 779 347 815 stare
381 775 429 815 in
463 776 673 816 omnibus
708 775 899 816 arbitrio
933 775 1056 827 regis
1096 774 1305 815 Franciae
1338 755 1609 815 Lodo-ssitffl'?
1632 758 1668 776 ⁰⁰

222 838 340 880 wici.
411 839 505 890 Qui
548 840 730 892 quidem
762 853 862 890 rex,
893 839 1062 880 auditis
1098 838 1204 879 hinc
1236 838 1341 879 inde
1380 851 1486 892 pro·
1504 817 1701 875 ῗθόῗῗέἓῗε·

222 904 383 956 positis
423 910 469 946 et
500 904 745 957 diligenter
775 904 1056 958 ponderatis,
1087 903 1292 944 decrevit
1321 904 1368 943 in
1398 903 1487 944 fine

222 970 319 1022 regi
339 968 521 1022 Angliae
541 972 551 991 ‘
565 970 983 1011 exhaeredationem
1006 969 1104 1009 fieri
1119 968 1407 1009 manifestam
1425 967 1487 1020 ;’2

223 1035 343 1075 unde
379 1039 558 1076 statuta
591 1048 748 1076 eorum
778 1035 910 1088 quasi
949 1035 1103 1076 omnia
1137 1033 1414 1086 reprobavit,
1439 1039 1486 1075 et

222 1100 367 1140 eidem
399 1100 496 1152 regi
531 1105 702 1142 statum
738 1101 982 1154 pristinum
1006 1099 1224 1148 restituit,
1247 1099 1485 1151 imponens

222 1165 324 1205 aliis
374 1165 606 1206 silentium
643 1171 864 1219 quantum
906 1165 964 1206 ad
1000 1165 1108 1219 jura
1147 1164 1325 1216 regalia
1363 1163 1485 1204 ordi-

221 1231 398 1270 nanda:
432 1231 634 1284 motique
666 1235 906 1283 magnates
940 1235 987 1271 et
1021 1230 1315 1282 indignantes
1335 1241 1485 1270 reces-
1501 1234 1676 1293 3332er

220 1299 396 1344 serunt,
429 1301 553 1336 stare
587 1296 795 1337 nolentes
822 1295 922 1349 ejus
948 1295 1153 1344 arbitrio,
1177 1307 1232 1336 eo
1253 1294 1373 1347 quod
1402 1307 1486 1348 pro
1502 1301 1585 1325 stand
1599 1300 1690 1331 hyms

218 1372 327 1412 rege
347 1360 499 1401 omnia
520 1373 602 1401 rex
621 1361 719 1414 ipse
735 1359 998 1414 judicavit.³
1498 1333 1658 1366 hament-

291 1489 437 1545 Captio
455 1490 713 1545 quorumdam
726 1490 943 1532 Baronum
962 1489 1080 1545 apud
1097 1488 1417 1544 Northamptcm.

289 1587 508 1628 Reversis
525 1600 634 1639 ergo
652 1588 962 1640 magnatibus,
978 1600 1028 1628 se
1048 1588 1095 1628 in
1115 1591 1336 1640 quantum
1355 1591 1484 1640 pote·
1502 1591 1654 1656 233}ssss

222 1657 324 1693 rant
368 1652 426 1692 ad
469 1664 597 1693 arma
630 1653 969 1705 praeparabant,
1010 1651 1132 1705 quod
1176 1651 1365 1691 audiens
1403 1665 1486 1692 rex
1503 1664 1591 1689 mees-

221 1717 319 1770 ipse
350 1717 488 1757 etiam
523 1729 571 1757 se
601 1717 748 1758 modis
779 1717 987 1757 omnibus
1008 1716 1317 1770 praeparabat,
1348 1715 1486 1756 addu-

223 1795 331 1822 cens
352 1794 454 1822 cum
480 1795 535 1822 eo
563 1782 847 1834 alienigenas
880 1785 926 1822 et
955 1781 1158 1822 Francos
1182 1780 1381 1828 mu1t0s;
1415 1781 1484 1821 in-

224 1847 355 1888 terim
379 1848 681 1888 vastabantur
714 1847 889 1899 regalia
917 1846 1028 1900 jura
1058 1852 1105 1887 et
1135 1847 1243 1899 igne
1265 1851 1311 1886 et
1331 1845 1485 1898 gladio

224 1912 369 1952 multa
391 1912 690 1963 decidebant3
722 1925 917 1965 cumque
947 1912 1238 1965 cognovisset
1258 1924 1338 1951 rex
1369 1911 1487 1951 mul-

224 1982 295 2018 tos
324 1990 383 2018 ex
413 1977 660 2018 baronibus
693 1977 816 2030 apud
851 1976 1172 2030 Norbampton
1202 1976 1483 2025 convenisse,

222 2042 409 2083 divertit
451 2043 616 2083 ibidem
661 2055 764 2083 cum
807 2043 1029 2092 exercitu,
1067 2041 1353 2094 adduxitque
1382 2054 1483 2082 cum

223 2120 277 2148 eo
324 2120 476 2159 regem
529 2107 815 2148 Alemanniae
868 2107 1054 2148 fratrem
1101 2119 1250 2156 suum,
1292 2112 1339 2147 et
1392 2106 1484 2146 Ed-

224 2171 428 2213 wardum
450 2172 592 2212 filium
613 2185 762 2220 suum,
784 2171 814 2213 J
818 2170 1044 2212 ohannem
1059 2171 1236 2224 Comyn
1253 2171 1308 2212 de
1329 2171 1486 2212 Scotia

226 2238 306 2290 qui
339 2236 508 2278 multos
542 2236 800 2277 adduxerat
836 2236 1014 2285 Scotos,
1035 2236 1064 2277 J
1069 2236 1292 2277 ohannem
1314 2236 1370 2276 de
1395 2236 1486 2276 Ba-

225 2302 306 2342 liol
347 2302 579 2342 dominum
624 2301 882 2350 Galwidiae,
928 2301 1182 2342 Robertum
1230 2300 1286 2341 de
1330 2300 1484 2353 Bruys

273 2414 281 2432 ¹
306 2416 315 2432 ‘
326 2415 510 2454 consectae‚’
526 2415 600 2447 MS.
617 2415 706 2447 Cott.
721 2415 796 2446 Tib.
852 2420 855 2436 ¹
872 2415 915 2445 do
925 2424 1023 2454 away
1031 2414 1114 2445 with
1123 2423 1190 2454 any
1198 2414 1236 2445 of
1243 2414 1299 2444 the
1308 2413 1488 2453 privileges

271 2459 284 2477 ²
307 2462 316 2479 ‘
334 2461 605 2492 exhaereditatem
635 2461 706 2492 fieri
735 2461 840 2491 maui—
873 2460 1065 2500 previously
1081 2459 1265 2499 grantedto
1279 2459 1335 2490 the
1346 2458 1487 2499 English

226 2508 343 2538 festam
354 2516 395 2537 ex
405 2506 610 2546 propositis,’
627 2506 839 2537 MS.Lansd.
874 2506 918 2545 by
939 2505 1026 2536 their
1049 2505 1160 2545 kings.
1207 2505 1291 2536 This
1310 2504 1489 2544 judgment

272 2551 286 2570 ³
308 2553 370 2583 See
399 2552 455 2583 the
486 2551 603 2582 award
639 2552 770 2590 printed
805 2552 839 2582 in
874 2551 1028 2582 offended
1063 2560 1163 2590 many
1193 2550 1231 2581 of
1265 2550 1320 2581 the
1355 2550 1489 2589 barons,

228 2599 362 2637 Rymer,
374 2597 530 2635 Foedera,
542 2598 564 2627 i.
576 2599 652 2637 433,
663 2597 775 2628 where
786 2597 841 2627 the
874 2596 964 2635 who,
979 2597 1198 2636 maintaining
1216 2596 1288 2626 that
1311 2596 1366 2626 the
1381 2595 1492 2635 provi-

227 2643 356 2675 French
388 2643 481 2682 king,
510 2643 636 2682 though
668 2643 842 2682 annulling
876 2643 966 2673 sions
977 2651 1066 2673 were
1077 2642 1138 2672 but
1152 2652 1173 2673 a
1189 2641 1447 2681 recapitulationi
1458 2640 1496 2672 of

226 2690 282 2721 the
294 2689 480 2728 provisions
489 2688 526 2718 of
533 2688 677 2728 Oxsord,
685 2688 842 2719 declared
876 2687 997 2718 former
1012 2691 1138 2727 granta,
1147 2687 1282 2719 refused
1293 2690 1327 2718 to
1336 2686 1435 2718 abida
1447 2687 1493 2726 by

228 2737 254 2766 it
269 2744 340 2766 was
356 2735 400 2773 by
416 2744 458 2765 no
481 2743 595 2765 means
617 2733 670 2765 his
690 2734 795 2764 intent
809 2737 843 2764 to
859 2747 861 2769 μ
877 2733 932 2764 the
948 2734 1156 2765 arbitration.
