<?xml version="1.0" encoding="UTF-8"?>
<!DOCTYPE html PUBLIC "-//W3C//DTD XHTML 1.0 Transitional//EN"
    "http://www.w3.org/TR/xhtml1/DTD/xhtml1-transitional.dtd">
<html xmlns="http://www.w3.org/1999/xhtml" xml:lang="en" lang="en">
 <head>
  <title>
</title>
<meta http-equiv="Content-Type" content="text/html;charset=utf-8" />
  <meta name='ocr-system' content='tesseract 3.04.00' />
  <meta name='ocr-capabilities' content='ocr_page ocr_carea ocr_par ocr_line ocrx_word'/>
</head>
<body>
  <div class='ocr_page' id='page_1' title='image "./chronicondominiw01hemiuoft_0356.png"; bbox 0 0 1866 3186; ppageno 0'>
   <div class='ocr_carea' id='block_1_1' title="bbox 459 257 1234 298">
    <p class='ocr_par' dir='ltr' id='par_1_1' title="bbox 459 257 1234 298">
     <span class='ocr_line' id='line_1_1' title="bbox 459 257 1234 298; baseline 0.001 -1"><span class='ocrx_word' id='word_1_1' title='bbox 459 257 547 298; x_wconf 81' lang='lat'><strong>334</strong></span> <span class='ocrx_word' id='word_1_2' title='bbox 959 267 1018 297; x_wconf 75' lang='lat' dir='ltr'><strong>on</strong></span> <span class='ocrx_word' id='word_1_3' title='bbox 1026 267 1234 298; x_wconf 72' lang='grc' dir='ltr'><strong>1101110οΝ</strong></span> 
     </span>
    </p>
   </div>
   <div class='ocr_carea' id='block_1_2' title="bbox 238 369 1719 2448">
    <p class='ocr_par' dir='ltr' id='par_1_2' title="bbox 238 369 1719 2448">
     <span class='ocr_line' id='line_1_2' title="bbox 261 369 1719 438; baseline 0.002 -27"><span class='ocrx_word' id='word_1_4' title='bbox 261 379 416 438; x_wconf 56' lang='lat' dir='ltr'><strong>ffess&#39;yffl</strong></span> <span class='ocrx_word' id='word_1_5' title='bbox 374 380 430 405; x_wconf 84' lang='grc'><strong>111.</strong></span> <span class='ocrx_word' id='word_1_6' title='bbox 463 370 611 424; x_wconf 90' lang='lat' dir='ltr'><strong>spolia</strong></span> <span class='ocrx_word' id='word_1_7' title='bbox 631 369 806 420; x_wconf 82' lang='lat' dir='ltr'><strong>multa3</strong></span> <span class='ocrx_word' id='word_1_8' title='bbox 829 374 875 411; x_wconf 89' lang='lat' dir='ltr'><strong>et</strong></span> <span class='ocrx_word' id='word_1_9' title='bbox 898 369 1093 423; x_wconf 88' lang='lat' dir='ltr'><strong>profecti</strong></span> <span class='ocrx_word' id='word_1_10' title='bbox 1115 383 1261 424; x_wconf 90' lang='lat' dir='ltr'><strong>usque</strong></span> <span class='ocrx_word' id='word_1_11' title='bbox 1277 370 1336 412; x_wconf 88' lang='lat' dir='ltr'><strong>ad</strong></span> <span class='ocrx_word' id='word_1_12' title='bbox 1351 371 1565 413; x_wconf 85' lang='lat' dir='ltr'><strong>Castrum</strong></span> <span class='ocrx_word' id='word_1_13' title='bbox 1581 372 1719 414; x_wconf 91' lang='lat' dir='ltr'><strong>Pere-</strong></span> 
     </span>
     <span class='ocr_line' id='line_1_3' title="bbox 461 435 1719 488; baseline 0.003 -12"><span class='ocrx_word' id='word_1_14' title='bbox 461 436 696 488; x_wconf 84' lang='lat' dir='ltr'><strong>grinorum</strong></span> <span class='ocrx_word' id='word_1_15' title='bbox 734 435 855 488; x_wconf 92' lang='lat' dir='ltr'><strong>quod</strong></span> <span class='ocrx_word' id='word_1_16' title='bbox 902 447 1040 488; x_wconf 89' lang='lat' dir='ltr'><strong>super</strong></span> <span class='ocrx_word' id='word_1_17' title='bbox 1077 448 1199 477; x_wconf 91' lang='lat' dir='ltr'><strong>mare</strong></span> <span class='ocrx_word' id='word_1_18' title='bbox 1234 437 1446 487; x_wconf 82' lang='lat' dir='ltr'><strong>situatur,</strong></span> <span class='ocrx_word' id='word_1_19' title='bbox 1482 443 1719 480; x_wconf 89' lang='lat' dir='ltr'><strong>manentes</strong></span> 
     </span>
     <span class='ocr_line' id='line_1_4' title="bbox 460 500 1719 553; baseline 0.002 -11"><span class='ocrx_word' id='word_1_20' title='bbox 460 501 627 542; x_wconf 85' lang='lat' dir='ltr'>ibidem</span> <span class='ocrx_word' id='word_1_21' title='bbox 657 514 760 542; x_wconf 89' lang='lat' dir='ltr'><strong>cum</strong></span> <span class='ocrx_word' id='word_1_22' title='bbox 791 500 969 542; x_wconf 89' lang='lat' dir='ltr'><strong>caeteris</strong></span> <span class='ocrx_word' id='word_1_23' title='bbox 995 500 1269 543; x_wconf 83' lang='lat' dir='ltr'><strong>Christianis</strong></span> <span class='ocrx_word' id='word_1_24' title='bbox 1300 507 1432 544; x_wconf 87' lang='lat' dir='ltr'><strong>noete</strong></span> <span class='ocrx_word' id='word_1_25' title='bbox 1469 503 1565 553; x_wconf 90' lang='lat' dir='ltr'><strong>illa,</strong></span> <span class='ocrx_word' id='word_1_26' title='bbox 1596 509 1642 545; x_wconf 92' lang='lat' dir='ltr'><strong>et</strong></span> <span class='ocrx_word' id='word_1_27' title='bbox 1671 504 1719 545; x_wconf 93' lang='lat' dir='ltr'><strong>in</strong></span> 
     </span>
     <span class='ocr_line' id='line_1_5' title="bbox 460 566 1716 620; baseline 0.003 -13"><span class='ocrx_word' id='word_1_28' title='bbox 460 567 670 620; x_wconf 84' lang='lat' dir='ltr'><strong>sequenti</strong></span> <span class='ocrx_word' id='word_1_29' title='bbox 707 566 779 607; x_wconf 93' lang='lat' dir='ltr'><strong>die</strong></span> <span class='ocrx_word' id='word_1_30' title='bbox 810 567 982 607; x_wconf 88' lang='lat' dir='ltr'><strong>reversi</strong></span> <span class='ocrx_word' id='word_1_31' title='bbox 1015 571 1122 608; x_wconf 87' lang='lat' dir='ltr'><strong>sunt</strong></span> <span class='ocrx_word' id='word_1_32' title='bbox 1160 567 1218 608; x_wconf 91' lang='lat' dir='ltr'><strong>ad</strong></span> <span class='ocrx_word' id='word_1_33' title='bbox 1257 566 1439 608; x_wconf 88' lang='lat' dir='ltr'><strong>Acram.</strong></span> <span class='ocrx_word' id='word_1_34' title='bbox 1526 569 1716 611; x_wconf 85' lang='lat' dir='ltr'><strong>Interim</strong></span> 
     </span>
     <span class='ocr_line' id='line_1_6' title="bbox 460 632 1715 687; baseline 0.003 -15"><span class='ocrx_word' id='word_1_35' title='bbox 460 646 542 674; x_wconf 85' lang='lat' dir='ltr'><strong>rex</strong></span> <span class='ocrx_word' id='word_1_36' title='bbox 566 632 826 673; x_wconf 81' lang='lat' dir='ltr'><strong>Jerusalem</strong></span> <span class='ocrx_word' id='word_1_37' title='bbox 851 632 929 685; x_wconf 89' lang='lat' dir='ltr'><strong>qui</strong></span> <span class='ocrx_word' id='word_1_38' title='bbox 952 633 1218 683; x_wconf 89' lang='lat' dir='ltr'><strong>advenerat,</strong></span> <span class='ocrx_word' id='word_1_39' title='bbox 1249 633 1372 674; x_wconf 89' lang='lat' dir='ltr'><strong>misit</strong></span> <span class='ocrx_word' id='word_1_40' title='bbox 1399 633 1455 675; x_wconf 90' lang='lat' dir='ltr'><strong>ad</strong></span> <span class='ocrx_word' id='word_1_41' title='bbox 1479 640 1715 687; x_wconf 83' lang='lat' dir='ltr'><strong>magnates</strong></span> 
     </span>
     <span class='ocr_line' id='line_1_7' title="bbox 238 697 1714 770; baseline 0.003 -33"><span class='ocrx_word' id='word_1_42' title='bbox 238 706 305 770; x_wconf 47' lang='lat'><strong>³335</strong></span> <span class='ocrx_word' id='word_1_43' title='bbox 312 705 443 763; x_wconf 57' lang='lat' dir='ltr'><strong>31³2P¹¹⁰¹²⁵</strong></span> <span class='ocrx_word' id='word_1_44' title='bbox 460 698 515 739; x_wconf 93' lang='lat' dir='ltr'><strong>de</strong></span> <span class='ocrx_word' id='word_1_45' title='bbox 538 698 693 752; x_wconf 87' lang='lat' dir='ltr'><strong>Cypro</strong></span> <span class='ocrx_word' id='word_1_46' title='bbox 705 703 757 739; x_wconf 90' lang='lat' dir='ltr'><strong>ut</strong></span> <span class='ocrx_word' id='word_1_47' title='bbox 775 698 822 738; x_wconf 92' lang='lat' dir='ltr'><strong>in</strong></span> <span class='ocrx_word' id='word_1_48' title='bbox 841 698 1062 739; x_wconf 91' lang='lat' dir='ltr'><strong>auxilium</strong></span> <span class='ocrx_word' id='word_1_49' title='bbox 1082 697 1447 740; x_wconf 85' lang='lat' dir='ltr'><strong>Christianorum</strong></span> <span class='ocrx_word' id='word_1_50' title='bbox 1465 712 1568 740; x_wconf 88' lang='lat' dir='ltr'><strong>cum</strong></span> <span class='ocrx_word' id='word_1_51' title='bbox 1589 700 1714 742; x_wconf 89' lang='lat' dir='ltr'><strong>festi-</strong></span> 
     </span>
     <span class='ocr_line' id='line_1_8' title="bbox 242 764 1715 814; baseline 0.002 -10"><span class='ocrx_word' id='word_1_52' title='bbox 242 773 374 797; x_wconf 81' lang='lat' dir='ltr'><strong>crusade·</strong></span> <span class='ocrx_word' id='word_1_53' title='bbox 459 764 644 805; x_wconf 90' lang='lat' dir='ltr'><strong>natione</strong></span> <span class='ocrx_word' id='word_1_54' title='bbox 666 764 894 814; x_wconf 91' lang='lat' dir='ltr'><strong>venirent;</strong></span> <span class='ocrx_word' id='word_1_55' title='bbox 917 768 965 804; x_wconf 91' lang='lat' dir='ltr'><strong>at</strong></span> <span class='ocrx_word' id='word_1_56' title='bbox 988 764 1055 804; x_wconf 90' lang='lat' dir='ltr'><strong>illi</strong></span> <span class='ocrx_word' id='word_1_57' title='bbox 1078 764 1230 805; x_wconf 87' lang='lat' dir='ltr'><strong>venire</strong></span> <span class='ocrx_word' id='word_1_58' title='bbox 1251 764 1498 805; x_wconf 88' lang='lat' dir='ltr'><strong>noluerunt</strong></span> <span class='ocrx_word' id='word_1_59' title='bbox 1513 765 1715 807; x_wconf 88' lang='lat' dir='ltr'><strong>dicentes</strong></span> 
     </span>
     <span class='ocr_line' id='line_1_9' title="bbox 459 829 1714 883; baseline 0.002 -14"><span class='ocrx_word' id='word_1_60' title='bbox 459 842 509 870; x_wconf 90' lang='lat' dir='ltr'><strong>se</strong></span> <span class='ocrx_word' id='word_1_61' title='bbox 530 829 651 870; x_wconf 90' lang='lat' dir='ltr'><strong>nolle</strong></span> <span class='ocrx_word' id='word_1_62' title='bbox 674 834 839 870; x_wconf 84' lang='lat' dir='ltr'><strong>terram</strong></span> <span class='ocrx_word' id='word_1_63' title='bbox 861 841 992 870; x_wconf 90' lang='lat' dir='ltr'><strong>suam</strong></span> <span class='ocrx_word' id='word_1_64' title='bbox 1013 829 1138 870; x_wconf 83' lang='lat' dir='ltr'><strong>exire</strong></span> <span class='ocrx_word' id='word_1_65' title='bbox 1156 842 1166 871; x_wconf 90' lang='lat'>:</span> <span class='ocrx_word' id='word_1_66' title='bbox 1199 830 1414 883; x_wconf 88' lang='lat' dir='ltr'><strong>misitque</strong></span> <span class='ocrx_word' id='word_1_67' title='bbox 1434 835 1541 872; x_wconf 89' lang='lat' dir='ltr'><strong>tunc</strong></span> <span class='ocrx_word' id='word_1_68' title='bbox 1561 831 1620 872; x_wconf 87' lang='lat' dir='ltr'><strong>ad</strong></span> <span class='ocrx_word' id='word_1_69' title='bbox 1635 844 1714 873; x_wconf 92' lang='lat' dir='ltr'><strong>eos</strong></span> 
     </span>
     <span class='ocr_line' id='line_1_10' title="bbox 460 894 1716 948; baseline 0.002 -13"><span class='ocrx_word' id='word_1_70' title='bbox 460 894 715 935; x_wconf 90' lang='lat' dir='ltr'><strong>Edwardus</strong></span> <span class='ocrx_word' id='word_1_71' title='bbox 744 900 797 935; x_wconf 87' lang='lat' dir='ltr'><strong>ut</strong></span> <span class='ocrx_word' id='word_1_72' title='bbox 824 894 883 935; x_wconf 88' lang='lat' dir='ltr'><strong>ad</strong></span> <span class='ocrx_word' id='word_1_73' title='bbox 911 898 1123 947; x_wconf 83' lang='lat' dir='ltr'><strong>rogatum</strong></span> <span class='ocrx_word' id='word_1_74' title='bbox 1153 895 1297 948; x_wconf 90' lang='lat' dir='ltr'><strong>ipsius</strong></span> <span class='ocrx_word' id='word_1_75' title='bbox 1323 895 1486 937; x_wconf 89' lang='lat' dir='ltr'><strong>saltem</strong></span> <span class='ocrx_word' id='word_1_76' title='bbox 1508 896 1716 938; x_wconf 88' lang='lat' dir='ltr'><strong>venirent</strong></span> 
     </span>
     <span class='ocr_line' id='line_1_11' title="bbox 458 959 1713 1013; baseline 0.002 -13"><span class='ocrx_word' id='word_1_77' title='bbox 458 960 507 1000; x_wconf 92' lang='lat' dir='ltr'><strong>in</strong></span> <span class='ocrx_word' id='word_1_78' title='bbox 552 959 638 1000; x_wconf 86' lang='lat' dir='ltr'><strong>hac</strong></span> <span class='ocrx_word' id='word_1_79' title='bbox 676 964 834 1013; x_wconf 86' lang='lat' dir='ltr'><strong>parte:</strong></span> <span class='ocrx_word' id='word_1_80' title='bbox 885 965 934 1001; x_wconf 92' lang='lat' dir='ltr'><strong>at</strong></span> <span class='ocrx_word' id='word_1_81' title='bbox 972 960 1039 1000; x_wconf 91' lang='lat' dir='ltr'><strong>illi</strong></span> <span class='ocrx_word' id='word_1_82' title='bbox 1078 961 1293 1002; x_wconf 91' lang='lat' dir='ltr'><strong>continuo</strong></span> <span class='ocrx_word' id='word_1_83' title='bbox 1330 962 1577 1003; x_wconf 86' lang='lat' dir='ltr'><strong>veniebant</strong></span> <span class='ocrx_word' id='word_1_84' title='bbox 1609 975 1713 1003; x_wconf 92' lang='lat' dir='ltr'><strong>cum</strong></span> 
     </span>
     <span class='ocr_line' id='line_1_12' title="bbox 459 1025 1713 1081; baseline 0.002 -16"><span class='ocrx_word' id='word_1_85' title='bbox 459 1037 629 1077; x_wconf 84' lang='lat' dir='ltr'><strong>magna</strong></span> <span class='ocrx_word' id='word_1_86' title='bbox 649 1025 828 1074; x_wconf 89' lang='lat' dir='ltr'><strong>militia,</strong></span> <span class='ocrx_word' id='word_1_87' title='bbox 850 1025 1051 1066; x_wconf 89' lang='lat' dir='ltr'><strong>dicentes</strong></span> <span class='ocrx_word' id='word_1_88' title='bbox 1076 1038 1125 1066; x_wconf 90' lang='lat' dir='ltr'><strong>se</strong></span> <span class='ocrx_word' id='word_1_89' title='bbox 1145 1026 1288 1067; x_wconf 89' lang='lat' dir='ltr'><strong>teneri</strong></span> <span class='ocrx_word' id='word_1_90' title='bbox 1310 1026 1536 1067; x_wconf 90' lang='lat' dir='ltr'><strong>mandatis</strong></span> <span class='ocrx_word' id='word_1_91' title='bbox 1567 1027 1713 1081; x_wconf 91' lang='lat' dir='ltr'><strong>ipsius</strong></span> 
     </span>
     <span class='ocr_line' id='line_1_13' title="bbox 458 1090 1712 1143; baseline 0.002 -13"><span class='ocrx_word' id='word_1_92' title='bbox 458 1103 541 1143; x_wconf 90' lang='lat' dir='ltr'><strong>pro</strong></span> <span class='ocrx_word' id='word_1_93' title='bbox 563 1104 617 1131; x_wconf 94' lang='lat' dir='ltr'><strong>eo</strong></span> <span class='ocrx_word' id='word_1_94' title='bbox 638 1090 758 1143; x_wconf 91' lang='lat' dir='ltr'><strong>quod</strong></span> <span class='ocrx_word' id='word_1_95' title='bbox 787 1095 1099 1131; x_wconf 85' lang='lat' dir='ltr'><strong>antecessores</strong></span> <span class='ocrx_word' id='word_1_96' title='bbox 1129 1091 1200 1131; x_wconf 90' lang='lat' dir='ltr'><strong>sui</strong></span> <span class='ocrx_word' id='word_1_97' title='bbox 1228 1091 1578 1133; x_wconf 84' lang='lat' dir='ltr'><strong>dominabantur</strong></span> <span class='ocrx_word' id='word_1_98' title='bbox 1604 1093 1712 1134; x_wconf 92' lang='lat' dir='ltr'><strong>olim</strong></span> 
     </span>
     <span class='ocr_line' id='line_1_14' title="bbox 458 1156 1713 1210; baseline 0.002 -14"><span class='ocrx_word' id='word_1_99' title='bbox 458 1160 592 1197; x_wconf 87' lang='lat' dir='ltr'><strong>terrae</strong></span> <span class='ocrx_word' id='word_1_100' title='bbox 632 1156 831 1206; x_wconf 87' lang='lat' dir='ltr'><strong>illorum,</strong></span> <span class='ocrx_word' id='word_1_101' title='bbox 871 1160 917 1196; x_wconf 95' lang='lat' dir='ltr'><strong>et</strong></span> <span class='ocrx_word' id='word_1_102' title='bbox 956 1169 1005 1196; x_wconf 94' lang='lat' dir='ltr'><strong>se</strong></span> <span class='ocrx_word' id='word_1_103' title='bbox 1045 1156 1207 1197; x_wconf 89' lang='lat' dir='ltr'><strong>debere</strong></span> <span class='ocrx_word' id='word_1_104' title='bbox 1237 1157 1422 1209; x_wconf 87' lang='lat' dir='ltr'><strong>regibus</strong></span> <span class='ocrx_word' id='word_1_105' title='bbox 1456 1157 1713 1210; x_wconf 86' lang='lat' dir='ltr'><strong>Anglorum</strong></span> 
     </span>
     <span class='ocr_line' id='line_1_15' title="bbox 459 1221 1712 1275; baseline 0.002 -14"><span class='ocrx_word' id='word_1_106' title='bbox 459 1233 639 1274; x_wconf 90' lang='lat' dir='ltr'><strong>semper</strong></span> <span class='ocrx_word' id='word_1_107' title='bbox 679 1234 779 1262; x_wconf 91' lang='lat' dir='ltr'><strong>esse</strong></span> <span class='ocrx_word' id='word_1_108' title='bbox 819 1221 1001 1262; x_wconf 86' lang='lat' dir='ltr'><strong>fideles:</strong></span> <span class='ocrx_word' id='word_1_109' title='bbox 1054 1222 1240 1263; x_wconf 90' lang='lat' dir='ltr'><strong>animati</strong></span> <span class='ocrx_word' id='word_1_110' title='bbox 1274 1222 1430 1275; x_wconf 86' lang='lat' dir='ltr'><strong>itaque</strong></span> <span class='ocrx_word' id='word_1_111' title='bbox 1463 1222 1712 1264; x_wconf 81' lang='lat' dir='ltr'><strong>Christiani</strong></span> 
     </span>
     <span class='ocr_line' id='line_1_16' title="bbox 246 1285 1712 1338; baseline -0.001 -7"><span class='ocrx_word' id='word_1_112' title='bbox 246 1306 396 1338; x_wconf 75' lang='lat' dir='ltr'><strong>Augusti.</strong></span> <span class='ocrx_word' id='word_1_113' title='bbox 459 1287 596 1328; x_wconf 87' lang='lat' dir='ltr'><strong>tertio</strong></span> <span class='ocrx_word' id='word_1_114' title='bbox 624 1287 835 1328; x_wconf 89' lang='lat' dir='ltr'><strong>exierunt</strong></span> <span class='ocrx_word' id='word_1_115' title='bbox 869 1287 990 1327; x_wconf 86' lang='lat' dir='ltr'><strong>circa</strong></span> <span class='ocrx_word' id='word_1_116' title='bbox 1019 1285 1095 1328; x_wconf 93' lang='lat' dir='ltr'><strong>Ad</strong></span> <span class='ocrx_word' id='word_1_117' title='bbox 1117 1287 1300 1328; x_wconf 88' lang='lat' dir='ltr'><strong>vincula</strong></span> <span class='ocrx_word' id='word_1_118' title='bbox 1329 1288 1453 1329; x_wconf 90' lang='lat' dir='ltr'><strong>beati</strong></span> <span class='ocrx_word' id='word_1_119' title='bbox 1475 1288 1603 1329; x_wconf 91' lang='lat' dir='ltr'><strong>Petri</strong></span> <span class='ocrx_word' id='word_1_120' title='bbox 1637 1301 1712 1329; x_wconf 89' lang='lat' dir='ltr'><strong>us—</strong></span> 
     </span>
     <span class='ocr_line' id='line_1_17' title="bbox 241 1351 1710 1406; baseline -0.002 -9"><span class='ocrx_word' id='word_1_121' title='bbox 241 1371 353 1402; x_wconf 73' lang='lat' dir='ltr'><strong>August</strong></span> <span class='ocrx_word' id='word_1_122' title='bbox 364 1369 408 1396; x_wconf 84' lang='lat'><strong>27.</strong></span> <span class='ocrx_word' id='word_1_123' title='bbox 459 1365 548 1405; x_wconf 92' lang='lat' dir='ltr'><strong>que</strong></span> <span class='ocrx_word' id='word_1_124' title='bbox 569 1352 627 1393; x_wconf 91' lang='lat' dir='ltr'><strong>ad</strong></span> <span class='ocrx_word' id='word_1_125' title='bbox 649 1357 858 1393; x_wconf 89' lang='lat' dir='ltr'><strong>sanctum</strong></span> <span class='ocrx_word' id='word_1_126' title='bbox 889 1351 1157 1404; x_wconf 82' lang='lat' dir='ltr'><strong>Georgium,</strong></span> <span class='ocrx_word' id='word_1_127' title='bbox 1183 1357 1229 1394; x_wconf 90' lang='lat' dir='ltr'><strong>et</strong></span> <span class='ocrx_word' id='word_1_128' title='bbox 1253 1353 1499 1406; x_wconf 87' lang='lat' dir='ltr'><strong>peremptis</strong></span> <span class='ocrx_word' id='word_1_129' title='bbox 1523 1354 1710 1406; x_wconf 89' lang='lat' dir='ltr'><strong>quibus-</strong></span> 
     </span>
     <span class='ocr_line' id='line_1_18' title="bbox 458 1417 1711 1470; baseline 0.001 -12"><span class='ocrx_word' id='word_1_130' title='bbox 458 1418 563 1458; x_wconf 88' lang='lat' dir='ltr'><strong>dam</strong></span> <span class='ocrx_word' id='word_1_131' title='bbox 585 1431 688 1458; x_wconf 91' lang='lat' dir='ltr'><strong>cum</strong></span> <span class='ocrx_word' id='word_1_132' title='bbox 718 1430 810 1458; x_wconf 92' lang='lat' dir='ltr'><strong>non</strong></span> <span class='ocrx_word' id='word_1_133' title='bbox 839 1418 1097 1458; x_wconf 88' lang='lat' dir='ltr'><strong>invenirent</strong></span> <span class='ocrx_word' id='word_1_134' title='bbox 1127 1417 1206 1470; x_wconf 93' lang='lat' dir='ltr'><strong>qui</strong></span> <span class='ocrx_word' id='word_1_135' title='bbox 1236 1419 1514 1466; x_wconf 87' lang='lat' dir='ltr'><strong>resisterent,</strong></span> <span class='ocrx_word' id='word_1_136' title='bbox 1542 1420 1711 1460; x_wconf 90' lang='lat' dir='ltr'><strong>reversi</strong></span> 
     </span>
     <span class='ocr_line' id='line_1_19' title="bbox 457 1482 1711 1535; baseline 0.001 -12"><span class='ocrx_word' id='word_1_137' title='bbox 457 1488 565 1523; x_wconf 87' lang='lat' dir='ltr'><strong>sunt</strong></span> <span class='ocrx_word' id='word_1_138' title='bbox 591 1496 693 1523; x_wconf 88' lang='lat' dir='ltr'><strong>cum</strong></span> <span class='ocrx_word' id='word_1_139' title='bbox 722 1482 890 1534; x_wconf 84' lang='lat' dir='ltr'><strong>gaudio</strong></span> <span class='ocrx_word' id='word_1_140' title='bbox 921 1483 968 1522; x_wconf 92' lang='lat' dir='ltr'><strong>in</strong></span> <span class='ocrx_word' id='word_1_141' title='bbox 995 1482 1144 1522; x_wconf 90' lang='lat' dir='ltr'><strong>locum</strong></span> <span class='ocrx_word' id='word_1_142' title='bbox 1176 1495 1339 1533; x_wconf 90' lang='lat' dir='ltr'><strong>suum;</strong></span> <span class='ocrx_word' id='word_1_143' title='bbox 1371 1496 1566 1535; x_wconf 89' lang='lat' dir='ltr'><strong>cumque</strong></span> <span class='ocrx_word' id='word_1_144' title='bbox 1592 1484 1711 1525; x_wconf 92' lang='lat' dir='ltr'><strong>inter</strong></span> 
     </span>
     <span class='ocr_line' id='line_1_20' title="bbox 454 1546 1711 1590; baseline 0.002 -2"><span class='ocrx_word' id='word_1_145' title='bbox 454 1548 661 1588; x_wconf 90' lang='lat' dir='ltr'><strong>inimicos</strong></span> <span class='ocrx_word' id='word_1_146' title='bbox 681 1548 828 1588; x_wconf 86' lang='lat' dir='ltr'><strong>crucis</strong></span> <span class='ocrx_word' id='word_1_147' title='bbox 850 1546 1020 1588; x_wconf 90' lang='lat' dir='ltr'><strong>Christi</strong></span> <span class='ocrx_word' id='word_1_148' title='bbox 1033 1547 1247 1588; x_wconf 87' lang='lat' dir='ltr'><strong>Edwardi</strong></span> <span class='ocrx_word' id='word_1_149' title='bbox 1267 1548 1389 1590; x_wconf 88' lang='lat' dir='ltr'><strong>fama</strong></span> <span class='ocrx_word' id='word_1_150' title='bbox 1407 1548 1711 1590; x_wconf 88' lang='lat' dir='ltr'><strong>increbresce-</strong></span> 
     </span>
     <span class='ocr_line' id='line_1_21' title="bbox 455 1612 1706 1666; baseline 0.002 -14"><span class='ocrx_word' id='word_1_151' title='bbox 455 1617 541 1662; x_wconf 90' lang='lat' dir='ltr'><strong>ret,</strong></span> <span class='ocrx_word' id='word_1_152' title='bbox 562 1614 810 1653; x_wconf 89' lang='lat' dir='ltr'><strong>timuerunt</strong></span> <span class='ocrx_word' id='word_1_153' title='bbox 837 1625 940 1653; x_wconf 87' lang='lat' dir='ltr'><strong>eum</strong></span> <span class='ocrx_word' id='word_1_154' title='bbox 966 1612 1098 1653; x_wconf 90' lang='lat' dir='ltr'><strong>valde</strong></span> <span class='ocrx_word' id='word_1_155' title='bbox 1131 1618 1177 1653; x_wconf 90' lang='lat' dir='ltr'><strong>et</strong></span> <span class='ocrx_word' id='word_1_156' title='bbox 1206 1617 1364 1654; x_wconf 92' lang='lat' dir='ltr'><strong>mutuo</strong></span> <span class='ocrx_word' id='word_1_157' title='bbox 1390 1613 1706 1666; x_wconf 82' lang='lat' dir='ltr'><strong>loquebantur,</strong></span> 
     </span>
     <span class='ocr_line' id='line_1_22' title="bbox 242 1678 1709 1731; baseline 0.001 -13"><span class='ocrx_word' id='word_1_158' title='bbox 242 1687 406 1726; x_wconf 74' lang='lat' dir='ltr'><strong>Attempted</strong></span> <span class='ocrx_word' id='word_1_159' title='bbox 456 1678 495 1718; x_wconf 91' lang='lat' dir='ltr'><strong>si</strong></span> <span class='ocrx_word' id='word_1_160' title='bbox 530 1678 647 1719; x_wconf 89' lang='lat' dir='ltr'><strong>forte</strong></span> <span class='ocrx_word' id='word_1_161' title='bbox 688 1682 876 1731; x_wconf 89' lang='lat' dir='ltr'><strong>possent</strong></span> <span class='ocrx_word' id='word_1_162' title='bbox 919 1691 1022 1719; x_wconf 91' lang='lat' dir='ltr'><strong>eum</strong></span> <span class='ocrx_word' id='word_1_163' title='bbox 1063 1679 1318 1731; x_wconf 86' lang='lat' dir='ltr'><strong>opprimere</strong></span> <span class='ocrx_word' id='word_1_164' title='bbox 1360 1683 1507 1720; x_wconf 88' lang='lat' dir='ltr'><strong>caute.</strong></span> <span class='ocrx_word' id='word_1_165' title='bbox 1578 1679 1709 1721; x_wconf 89' lang='lat' dir='ltr'><strong>Misit</strong></span> 
     </span>
     <span class='ocr_line' id='line_1_23' title="bbox 240 1727 1709 1811; baseline 0.005 -34"><span class='ocrx_word' id='word_1_166' title='bbox 240 1727 410 1811; x_wconf 53' lang='grc' dir='ltr'><strong>ῗῗέέῗέἓῗὲᾼῗᾱ-</strong></span> <span class='ocrx_word' id='word_1_167' title='bbox 455 1756 563 1796; x_wconf 84' lang='lat' dir='ltr'><strong>ergo</strong></span> <span class='ocrx_word' id='word_1_168' title='bbox 585 1744 643 1784; x_wconf 86' lang='lat' dir='ltr'><strong>ad</strong></span> <span class='ocrx_word' id='word_1_169' title='bbox 665 1757 768 1785; x_wconf 91' lang='lat' dir='ltr'><strong>eum</strong></span> <span class='ocrx_word' id='word_1_170' title='bbox 792 1743 948 1784; x_wconf 87' lang='lat' dir='ltr'><strong>literas</strong></span> <span class='ocrx_word' id='word_1_171' title='bbox 972 1743 1182 1797; x_wconf 87' lang='lat' dir='ltr'><strong>princeps</strong></span> <span class='ocrx_word' id='word_1_172' title='bbox 1210 1743 1286 1785; x_wconf 91' lang='lat' dir='ltr'><strong>ille</strong></span> <span class='ocrx_word' id='word_1_173' title='bbox 1313 1757 1509 1797; x_wconf 84' lang='lat' dir='ltr'><strong>magnus</strong></span> <span class='ocrx_word' id='word_1_174' title='bbox 1537 1747 1550 1766; x_wconf 92' lang='lat'>‘</span> <span class='ocrx_word' id='word_1_175' title='bbox 1565 1743 1709 1798; x_wconf 85' lang='lat' dir='ltr'><strong>Amy·-</strong></span> 
     </span>
     <span class='ocr_line' id='line_1_24' title="bbox 241 1789 1710 1863; baseline 0.001 -14"><span class='ocrx_word' id='word_1_176' title='bbox 241 1793 298 1811; x_wconf 47' lang='grc' dir='ltr'><strong>ΨΜ</strong></span> <span class='ocrx_word' id='word_1_177' title='bbox 322 1789 351 1811; x_wconf 59' lang='lat' dir='ltr'><strong>at</strong></span> <span class='ocrx_word' id='word_1_178' title='bbox 384 1794 439 1812; x_wconf 53' lang='lat'><strong>⁰¹²²</strong></span> <span class='ocrx_word' id='word_1_179' title='bbox 454 1809 625 1850; x_wconf 90' lang='lat' dir='ltr'><strong>raudus</strong></span> <span class='ocrx_word' id='word_1_180' title='bbox 648 1809 704 1850; x_wconf 93' lang='lat' dir='ltr'><strong>de</strong></span> <span class='ocrx_word' id='word_1_181' title='bbox 725 1809 755 1850; x_wconf 91' lang='lat' dir='ltr'><strong>J</strong></span> <span class='ocrx_word' id='word_1_182' title='bbox 760 1822 910 1863; x_wconf 87' lang='lat' dir='ltr'><strong>aspes</strong></span> <span class='ocrx_word' id='word_1_183' title='bbox 914 1807 947 1829; x_wconf 90' lang='lat'><strong>’¹</strong></span> <span class='ocrx_word' id='word_1_184' title='bbox 977 1809 1152 1861; x_wconf 86' lang='lat' dir='ltr'><strong>fingens</strong></span> <span class='ocrx_word' id='word_1_185' title='bbox 1186 1809 1234 1850; x_wconf 92' lang='lat' dir='ltr'><strong>in</strong></span> <span class='ocrx_word' id='word_1_186' title='bbox 1256 1810 1361 1851; x_wconf 94' lang='lat' dir='ltr'><strong>dolo</strong></span> <span class='ocrx_word' id='word_1_187' title='bbox 1392 1822 1441 1851; x_wconf 91' lang='lat' dir='ltr'><strong>se</strong></span> <span class='ocrx_word' id='word_1_188' title='bbox 1463 1810 1580 1852; x_wconf 90' lang='lat' dir='ltr'><strong>velle</strong></span> <span class='ocrx_word' id='word_1_189' title='bbox 1612 1810 1710 1851; x_wconf 89' lang='lat' dir='ltr'><strong>fieri</strong></span> 
     </span>
     <span class='ocr_line' id='line_1_25' title="bbox 455 1874 1707 1927; baseline 0.001 -12"><span class='ocrx_word' id='word_1_190' title='bbox 455 1874 779 1925; x_wconf 88' lang='lat' dir='ltr'><strong>Christianum,</strong></span> <span class='ocrx_word' id='word_1_191' title='bbox 803 1879 849 1916; x_wconf 92' lang='lat' dir='ltr'><strong>et</strong></span> <span class='ocrx_word' id='word_1_192' title='bbox 878 1874 999 1927; x_wconf 92' lang='lat' dir='ltr'><strong>quod</strong></span> <span class='ocrx_word' id='word_1_193' title='bbox 1030 1875 1198 1916; x_wconf 88' lang='lat' dir='ltr'><strong>multos</strong></span> <span class='ocrx_word' id='word_1_194' title='bbox 1225 1875 1476 1916; x_wconf 88' lang='lat' dir='ltr'><strong>attraheret</strong></span> <span class='ocrx_word' id='word_1_195' title='bbox 1505 1876 1563 1916; x_wconf 90' lang='lat' dir='ltr'><strong>ad</strong></span> <span class='ocrx_word' id='word_1_196' title='bbox 1586 1888 1636 1916; x_wconf 91' lang='lat' dir='ltr'><strong>se</strong></span> <span class='ocrx_word' id='word_1_197' title='bbox 1666 1877 1707 1916; x_wconf 90' lang='lat' dir='ltr'><strong>si</strong></span> 
     </span>
     <span class='ocr_line' id='line_1_26' title="bbox 453 1939 1707 1993; baseline 0.001 -12"><span class='ocrx_word' id='word_1_198' title='bbox 453 1944 606 1981; x_wconf 90' lang='lat' dir='ltr'><strong>tamen</strong></span> <span class='ocrx_word' id='word_1_199' title='bbox 636 1941 693 1981; x_wconf 91' lang='lat' dir='ltr'><strong>ab</strong></span> <span class='ocrx_word' id='word_1_200' title='bbox 722 1941 822 1993; x_wconf 90' lang='lat' dir='ltr'><strong>ipso</strong></span> <span class='ocrx_word' id='word_1_201' title='bbox 849 1940 1117 1991; x_wconf 78' lang='lat' dir='ltr'><strong>caeterisque</strong></span> <span class='ocrx_word' id='word_1_202' title='bbox 1139 1939 1411 1981; x_wconf 86' lang='lat' dir='ltr'><strong>Christianis</strong></span> <span class='ocrx_word' id='word_1_203' title='bbox 1431 1940 1707 1982; x_wconf 86' lang='lat' dir='ltr'><strong>haberentur</strong></span> 
     </span>
     <span class='ocr_line' id='line_1_27' title="bbox 453 2004 1704 2057; baseline 0.001 -12"><span class='ocrx_word' id='word_1_204' title='bbox 453 2018 557 2045; x_wconf 89' lang='grc'><strong>011111</strong></span> <span class='ocrx_word' id='word_1_205' title='bbox 580 2005 777 2046; x_wconf 86' lang='lat' dir='ltr'><strong>honore:</strong></span> <span class='ocrx_word' id='word_1_206' title='bbox 815 2004 1078 2057; x_wconf 89' lang='lat' dir='ltr'><strong>placuitque</strong></span> <span class='ocrx_word' id='word_1_207' title='bbox 1105 2018 1269 2054; x_wconf 90' lang='lat' dir='ltr'><strong>sermo,</strong></span> <span class='ocrx_word' id='word_1_208' title='bbox 1290 2010 1336 2046; x_wconf 87' lang='lat' dir='ltr'><strong>et</strong></span> <span class='ocrx_word' id='word_1_209' title='bbox 1359 2005 1582 2047; x_wconf 88' lang='lat' dir='ltr'><strong>excitavit</strong></span> <span class='ocrx_word' id='word_1_210' title='bbox 1601 2019 1704 2047; x_wconf 94' lang='lat' dir='ltr'><strong>eum</strong></span> 
     </span>
     <span class='ocr_line' id='line_1_28' title="bbox 454 2070 1703 2124; baseline 0.002 -14"><span class='ocrx_word' id='word_1_211' title='bbox 454 2070 708 2111; x_wconf 89' lang='lat' dir='ltr'><strong>Edwardus</strong></span> <span class='ocrx_word' id='word_1_212' title='bbox 752 2070 809 2111; x_wconf 91' lang='lat' dir='ltr'><strong>ad</strong></span> <span class='ocrx_word' id='word_1_213' title='bbox 844 2070 1105 2124; x_wconf 91' lang='lat' dir='ltr'><strong>hujusmodi</strong></span> <span class='ocrx_word' id='word_1_214' title='bbox 1141 2071 1425 2124; x_wconf 91' lang='lat' dir='ltr'><strong>propositum</strong></span> <span class='ocrx_word' id='word_1_215' title='bbox 1467 2071 1703 2124; x_wconf 85' lang='lat' dir='ltr'><strong>perficien-</strong></span> 
     </span>
     <span class='ocr_line' id='line_1_29' title="bbox 451 2135 1706 2190; baseline 0.002 -15"><span class='ocrx_word' id='word_1_216' title='bbox 451 2135 576 2185; x_wconf 91' lang='lat' dir='ltr'><strong>dum,</strong></span> <span class='ocrx_word' id='word_1_217' title='bbox 618 2136 783 2177; x_wconf 87' lang='lat' dir='ltr'><strong>iterato</strong></span> <span class='ocrx_word' id='word_1_218' title='bbox 823 2148 931 2177; x_wconf 89' lang='lat' dir='ltr'><strong>vero</strong></span> <span class='ocrx_word' id='word_1_219' title='bbox 975 2140 1021 2176; x_wconf 90' lang='lat' dir='ltr'><strong>et</strong></span> <span class='ocrx_word' id='word_1_220' title='bbox 1059 2136 1194 2178; x_wconf 89' lang='lat' dir='ltr'><strong>tertio</strong></span> <span class='ocrx_word' id='word_1_221' title='bbox 1230 2140 1276 2177; x_wconf 90' lang='lat' dir='ltr'><strong>et</strong></span> <span class='ocrx_word' id='word_1_222' title='bbox 1308 2140 1488 2189; x_wconf 83' lang='lat' dir='ltr'><strong>quarto,</strong></span> <span class='ocrx_word' id='word_1_223' title='bbox 1527 2149 1706 2190; x_wconf 90' lang='lat' dir='ltr'><strong>semper</strong></span> 
     </span>
     <span class='ocr_line' id='line_1_30' title="bbox 451 2201 1703 2255; baseline 0.003 -15"><span class='ocrx_word' id='word_1_224' title='bbox 451 2201 574 2242; x_wconf 89' lang='lat' dir='ltr'><strong>misit</strong></span> <span class='ocrx_word' id='word_1_225' title='bbox 590 2201 781 2242; x_wconf 91' lang='lat' dir='ltr'><strong>eundem</strong></span> <span class='ocrx_word' id='word_1_226' title='bbox 802 2214 995 2255; x_wconf 89' lang='lat' dir='ltr'><strong>puerum</strong></span> <span class='ocrx_word' id='word_1_227' title='bbox 1011 2202 1069 2243; x_wconf 90' lang='lat' dir='ltr'><strong>ob</strong></span> <span class='ocrx_word' id='word_1_228' title='bbox 1086 2201 1276 2243; x_wconf 86' lang='lat' dir='ltr'><strong>eandem</strong></span> <span class='ocrx_word' id='word_1_229' title='bbox 1297 2214 1509 2250; x_wconf 89' lang='lat' dir='ltr'><strong>causam;</strong></span> <span class='ocrx_word' id='word_1_230' title='bbox 1537 2207 1584 2243; x_wconf 88' lang='lat' dir='ltr'><strong>et</strong></span> <span class='ocrx_word' id='word_1_231' title='bbox 1603 2207 1703 2244; x_wconf 89' lang='lat' dir='ltr'><strong>erat</strong></span> 
     </span>
     <span class='ocr_line' id='line_1_31' title="bbox 451 2265 1701 2320; baseline 0.002 -13"><span class='ocrx_word' id='word_1_232' title='bbox 451 2266 528 2308; x_wconf 94' lang='lat' dir='ltr'><strong>ille</strong></span> <span class='ocrx_word' id='word_1_233' title='bbox 551 2267 745 2307; x_wconf 88' lang='lat' dir='ltr'><strong>nuncius</strong></span> <span class='ocrx_word' id='word_1_234' title='bbox 769 2267 824 2307; x_wconf 92' lang='lat' dir='ltr'><strong>de</strong></span> <span class='ocrx_word' id='word_1_235' title='bbox 845 2265 955 2308; x_wconf 91' lang='lat' dir='ltr'><strong>Alte</strong></span> <span class='ocrx_word' id='word_1_236' title='bbox 979 2267 1164 2308; x_wconf 75' lang='lat' dir='ltr'><strong>nutritis</strong></span> <span class='ocrx_word' id='word_1_237' title='bbox 1190 2267 1270 2320; x_wconf 91' lang='lat' dir='ltr'><strong>qui</strong></span> <span class='ocrx_word' id='word_1_238' title='bbox 1305 2280 1388 2309; x_wconf 91' lang='lat' dir='ltr'><strong>nec</strong></span> <span class='ocrx_word' id='word_1_239' title='bbox 1422 2272 1614 2309; x_wconf 90' lang='lat' dir='ltr'><strong>mortem</strong></span> <span class='ocrx_word' id='word_1_240' title='bbox 1644 2268 1701 2309; x_wconf 91' lang='lat' dir='ltr'><strong>ti-</strong></span> 
     </span>
     <span class='ocr_line' id='line_1_32' title="bbox 450 2333 1702 2385; baseline 0.002 -13"><span class='ocrx_word' id='word_1_241' title='bbox 450 2338 575 2374; x_wconf 89' lang='lat' dir='ltr'><strong>ment</strong></span> <span class='ocrx_word' id='word_1_242' title='bbox 588 2345 672 2373; x_wconf 88' lang='grc'><strong>1100</strong></span> <span class='ocrx_word' id='word_1_243' title='bbox 682 2333 833 2374; x_wconf 91' lang='lat' dir='ltr'><strong>Deum</strong></span> <span class='ocrx_word' id='word_1_244' title='bbox 840 2337 1126 2374; x_wconf 87' lang='lat' dir='ltr'><strong>reverentur:</strong></span> <span class='ocrx_word' id='word_1_245' title='bbox 1150 2333 1312 2385; x_wconf 87' lang='lat' dir='ltr'><strong>quinta</strong></span> <span class='ocrx_word' id='word_1_246' title='bbox 1327 2333 1587 2374; x_wconf 86' lang='lat' dir='ltr'><strong>autemvice</strong></span> <span class='ocrx_word' id='word_1_247' title='bbox 1598 2346 1702 2374; x_wconf 92' lang='lat' dir='ltr'><strong>cum</strong></span> 
     </span>
     <span class='ocr_line' id='line_1_33' title="bbox 450 2397 1702 2448; baseline 0.001 -10"><span class='ocrx_word' id='word_1_248' title='bbox 450 2398 650 2439; x_wconf 90' lang='lat' dir='ltr'><strong>venisset</strong></span> <span class='ocrx_word' id='word_1_249' title='bbox 670 2397 727 2438; x_wconf 90' lang='lat' dir='ltr'><strong>ad</strong></span> <span class='ocrx_word' id='word_1_250' title='bbox 750 2411 853 2438; x_wconf 91' lang='lat' dir='ltr'><strong>eum</strong></span> <span class='ocrx_word' id='word_1_251' title='bbox 877 2398 995 2438; x_wconf 93' lang='lat' dir='ltr'><strong>idem</strong></span> <span class='ocrx_word' id='word_1_252' title='bbox 1018 2398 1211 2439; x_wconf 86' lang='lat' dir='ltr'><strong>nuncius</strong></span> <span class='ocrx_word' id='word_1_253' title='bbox 1236 2403 1297 2447; x_wconf 91' lang='lat' dir='ltr'><strong>et,</strong></span> <span class='ocrx_word' id='word_1_254' title='bbox 1309 2403 1362 2439; x_wconf 90' lang='lat' dir='ltr'><strong>ut</strong></span> <span class='ocrx_word' id='word_1_255' title='bbox 1381 2399 1519 2439; x_wconf 91' lang='lat' dir='ltr'><strong>moris</strong></span> <span class='ocrx_word' id='word_1_256' title='bbox 1540 2402 1654 2448; x_wconf 92' lang='lat' dir='ltr'><strong>erat,</strong></span> <span class='ocrx_word' id='word_1_257' title='bbox 1674 2411 1702 2439; x_wconf 89' lang='lat' dir='ltr'><strong>a</strong></span> 
     </span>
    </p>
   </div>
   <div class='ocr_carea' id='block_1_3' title="bbox 447 2463 1699 2512">
    <p class='ocr_par' dir='ltr' id='par_1_3' title="bbox 447 2463 1699 2512">
     <span class='ocr_line' id='line_1_34' title="bbox 447 2463 1699 2512; baseline 0.001 -9"><span class='ocrx_word' id='word_1_258' title='bbox 447 2463 666 2504; x_wconf 89' lang='lat' dir='ltr'><strong>ministris</strong></span> <span class='ocrx_word' id='word_1_259' title='bbox 685 2463 900 2505; x_wconf 88' lang='lat' dir='ltr'><strong>Edwardi</strong></span> <span class='ocrx_word' id='word_1_260' title='bbox 920 2468 1043 2504; x_wconf 91' lang='lat' dir='ltr'><strong>esset</strong></span> <span class='ocrx_word' id='word_1_261' title='bbox 1068 2464 1114 2503; x_wconf 91' lang='lat' dir='ltr'><strong>in</strong></span> <span class='ocrx_word' id='word_1_262' title='bbox 1141 2463 1337 2505; x_wconf 88' lang='lat' dir='ltr'><strong>brachiis</strong></span> <span class='ocrx_word' id='word_1_263' title='bbox 1358 2469 1404 2505; x_wconf 87' lang='lat' dir='ltr'><strong>et</strong></span> <span class='ocrx_word' id='word_1_264' title='bbox 1426 2477 1541 2505; x_wconf 89' lang='lat' dir='ltr'><strong>zona</strong></span> <span class='ocrx_word' id='word_1_265' title='bbox 1557 2464 1699 2512; x_wconf 88' lang='lat' dir='ltr'><strong>visus,</strong></span> 
     </span>
    </p>
   </div>
   <div class='ocr_carea' id='block_1_4' title="bbox 248 448 443 454">
    <p class='ocr_par' dir='ltr' id='par_1_4' title="bbox 248 448 443 454">
     <span class='ocr_line' id='line_1_35' title="bbox 248 448 443 454; baseline 0 0"><span class='ocrx_word' id='word_1_266' title='bbox 248 448 443 454; x_wconf 95' lang='lat' dir='ltr'><strong> </strong></span> 
     </span>
    </p>
   </div>
   <div class='ocr_carea' id='block_1_5' title="bbox 445 2640 1703 2775">
    <p class='ocr_par' dir='ltr' id='par_1_5' title="bbox 445 2640 1703 2775">
     <span class='ocr_line' id='line_1_36' title="bbox 484 2640 1703 2683; baseline 0 -8"><span class='ocrx_word' id='word_1_267' title='bbox 484 2643 494 2663; x_wconf 87' lang='lat'>¹</span> <span class='ocrx_word' id='word_1_268' title='bbox 536 2645 546 2662; x_wconf 87' lang='lat'>‘</span> <span class='ocrx_word' id='word_1_269' title='bbox 562 2644 759 2675; x_wconf 83' lang='lat' dir='ltr'><strong>admirande</strong></span> <span class='ocrx_word' id='word_1_270' title='bbox 795 2640 942 2683; x_wconf 80' lang='lat' dir='ltr'><strong>Jaspes‚’</strong></span> <span class='ocrx_word' id='word_1_271' title='bbox 981 2644 1059 2675; x_wconf 86' lang='lat' dir='ltr'><strong>MS.</strong></span> <span class='ocrx_word' id='word_1_272' title='bbox 1092 2644 1197 2675; x_wconf 81' lang='lat' dir='ltr'><strong>ralius</strong></span> <span class='ocrx_word' id='word_1_273' title='bbox 1225 2644 1407 2683; x_wconf 82' lang='lat' dir='ltr'><strong>Joppensis</strong></span> <span class='ocrx_word' id='word_1_274' title='bbox 1432 2644 1565 2675; x_wconf 79' lang='lat' dir='ltr'><strong>natione</strong></span> <span class='ocrx_word' id='word_1_275' title='bbox 1604 2644 1703 2675; x_wconf 81' lang='lat' dir='ltr'><strong>Sara-</strong></span> 
     </span>
     <span class='ocr_line' id='line_1_37' title="bbox 445 2689 1701 2730; baseline 0 -9"><span class='ocrx_word' id='word_1_276' title='bbox 445 2690 531 2721; x_wconf 91' lang='lat' dir='ltr'><strong>Coll.</strong></span> <span class='ocrx_word' id='word_1_277' title='bbox 561 2691 656 2721; x_wconf 89' lang='lat' dir='ltr'><strong>Arm.</strong></span> <span class='ocrx_word' id='word_1_278' title='bbox 709 2689 765 2721; x_wconf 88' lang='lat' dir='ltr'><strong>He</strong></span> <span class='ocrx_word' id='word_1_279' title='bbox 802 2690 831 2721; x_wconf 88' lang='lat' dir='ltr'><strong>is</strong></span> <span class='ocrx_word' id='word_1_280' title='bbox 868 2689 978 2721; x_wconf 88' lang='lat' dir='ltr'><strong>called</strong></span> <span class='ocrx_word' id='word_1_281' title='bbox 1014 2690 1058 2729; x_wconf 83' lang='lat' dir='ltr'><strong>by</strong></span> <span class='ocrx_word' id='word_1_282' title='bbox 1092 2699 1206 2729; x_wconf 79' lang='lat' dir='ltr'><strong>oenus,</strong></span> <span class='ocrx_word' id='word_1_283' title='bbox 1235 2700 1311 2729; x_wconf 90' lang='lat' dir='ltr'><strong>quae</strong></span> <span class='ocrx_word' id='word_1_284' title='bbox 1341 2689 1487 2729; x_wconf 79' lang='lat' dir='ltr'><strong>dignitas</strong></span> <span class='ocrx_word' id='word_1_285' title='bbox 1520 2689 1612 2730; x_wconf 84' lang='lat' dir='ltr'><strong>apud</strong></span> <span class='ocrx_word' id='word_1_286' title='bbox 1642 2698 1701 2721; x_wconf 79' lang='lat' dir='ltr'><strong>nos</strong></span> 
     </span>
     <span class='ocr_line' id='line_1_38' title="bbox 447 2735 1473 2775; baseline 0.001 -10"><span class='ocrx_word' id='word_1_287' title='bbox 447 2736 611 2766; x_wconf 85' lang='lat' dir='ltr'><strong>Matthew</strong></span> <span class='ocrx_word' id='word_1_288' title='bbox 637 2736 736 2767; x_wconf 81' lang='lat' dir='ltr'><strong>Paris</strong></span> <span class='ocrx_word' id='word_1_289' title='bbox 751 2736 773 2753; x_wconf 87' lang='lat'>“</span> <span class='ocrx_word' id='word_1_290' title='bbox 789 2736 927 2775; x_wconf 88' lang='lat' dir='ltr'><strong>quidam</strong></span> <span class='ocrx_word' id='word_1_291' title='bbox 953 2736 1059 2766; x_wconf 79' lang='lat' dir='ltr'><strong>admi·</strong></span> <span class='ocrx_word' id='word_1_292' title='bbox 1094 2736 1284 2767; x_wconf 75' lang='lat' dir='ltr'><strong>Consulatus</strong></span> <span class='ocrx_word' id='word_1_293' title='bbox 1300 2735 1473 2767; x_wconf 82' lang='lat' dir='ltr'><strong>vocatur.&#39;&#39;</strong></span> 
     </span>
    </p>
   </div>
  </div>
 </body>
</html>
