1866 3186
232 413 357 438 Rich-td
369 412 394 438 1.

212 483 215 484 ⁷
227 447 259 471 Α.
270 446 304 471 Ι).
323 447 394 471 ιι99.

210 482 275 540 Tile-
283 500 384 532 King'a

210 538 360 566 penitence

209 2184 263 2208 and
278 2182 372 2212 death,

209 2217 347 2248 Tuesday,

210 2250 290 2281 April
303 2251 328 2275 6.

424 287 512 329 230
911 298 1187 329 cnuomcon

430 400 572 443 fidens
600 401 648 442 in
673 401 858 443 Christo
887 401 1184 444 ‘crucifixo'¹
1216 406 1262 444 et
1292 402 1339 443 in
1375 399 1686 443 misericordia

429 467 530 521 ejus
550 480 654 521 quae
675 472 746 509 est
765 480 902 521 super
925 468 1078 509 omnia
1100 479 1240 521 opera
1257 467 1376 522 ejus,
1395 467 1469 509 cui
1498 478 1683 520 promp-

429 532 521 574 tius
541 538 611 574 est
632 538 822 587 peccata
844 533 1070 575 dimittere
1090 545 1226 587 quam
1253 533 1483 586 peccatori
1503 531 1685 574 veniam

429 596 705 652 postulare.”
775 599 936 641 Motus
952 599 1110 653 itaque
1127 611 1211 640 rex
1237 599 1285 639 in
1306 598 1456 640 verbis
1482 596 1686 651 episcopi

429 665 637 718 prorupit
657 665 705 706 in
732 665 991 719 lachrymas
1021 670 1067 706 et
1097 666 1179 714 ait,
1208 667 1238 686 “
1257 663 1467 705 Poeniteo
1489 662 1621 704 valde
1641 667 1686 704 et

431 731 716 783 poenitentiae
763 731 899 784 signa
936 730 1117 772 videbis
1164 730 1393 784 episcope,
1439 733 1487 770 et
1527 728 1688 770 testifi-

429 796 606 837 caberis
621 793 668 838 :”
703 809 904 849 moxque
938 797 1086 838 accito
1110 796 1368 838 confessore
1387 807 1472 836 suo
1495 798 1686 848 peccata

429 873 515 902 sua
536 862 698 914 gravia
725 874 829 903 cum
852 862 1072 903 immenso
1095 861 1253 903 dolore
1276 861 1511 903 confessus
1532 864 1618 909 est,
1639 864 1687 900 et

408 926 410 929 ’
429 927 697 969 beneficium
721 928 1022 970 absolutionis
1042 932 1343 975 consecutus;
1376 926 1685 980 praecepitque

428 992 515 1033 sibi
538 993 678 1045 pedes
700 993 836 1046 ligari
859 999 906 1035 et
930 994 977 1034 in
1002 993 1146 1035 altum
1179 992 1394 1046 suspendi
1423 991 1686 1044 nudumque

429 1070 593 1111 corpus
619 1058 815 1111 flagellis
838 1059 952 1100 caedi
972 1064 1019 1100 et
1038 1059 1244 1109 lacerari,
1266 1059 1412 1099 donec
1436 1057 1556 1098 idem
1586 1057 1686 1110 ipse

427 1124 695 1177 praeciperet
716 1129 767 1166 ut
788 1124 998 1166 silerent:
1030 1137 1224 1178 cumque
1245 1125 1324 1165 diu
1347 1123 1599 1165 caederetur
1625 1122 1684 1163 ad

427 1189 654 1230 modicum
703 1203 762 1231 ex
811 1195 1042 1244 praecepto
1097 1195 1109 1213 ‘
1126 1191 1228 1245 ejus
1244 1187 1279 1212 ’²
1334 1190 1585 1235 siluerunt;
1640 1193 1686 1229 et

427 1254 590 1295 iterum
618 1261 903 1310 reassumpto
934 1256 1096 1310 spiritu
1134 1256 1220 1297 hoc
1253 1255 1374 1297 idem
1406 1254 1606 1296 secundo
1639 1258 1686 1295 et

427 1320 563 1361 tertio
611 1322 658 1362 in
707 1322 987 1363 abundantia
1037 1321 1276 1375 sanguinis
1328 1321 1683 1374 compleverunt.

427 1385 634 1428 Tandem
674 1387 720 1428 in
756 1400 805 1429 se
844 1392 1073 1429 revertens
1102 1387 1321 1441 praecepit
1349 1387 1567 1427 viaticum
1598 1386 1685 1426 sibi

427 1451 593 1501 afferri,
621 1458 667 1494 et
690 1465 740 1493 se
763 1453 890 1494 velut
915 1453 1194 1506 proditorem
1227 1458 1273 1494 et
1306 1453 1485 1494 hostem
1520 1456 1682 1492 contra

426 1516 659 1558 dominum
691 1531 823 1559 suum
861 1516 1099 1572 ‘ligatis’³
1133 1518 1325 1572 pedibus
1352 1531 1454 1559 cum
1488 1516 1685 1558 ‘fune’⁴

428 1582 565 1632 trahi,
586 1589 867 1637 acceptoque
881 1584 1048 1626 viatico
1072 1597 1172 1625 cum
1195 1597 1366 1636 magna
1388 1583 1537 1625 cordis
1557 1595 1685 1623 reve·-

427 1648 576 1689 rentia
596 1653 642 1689 et
674 1654 869 1691 tremore
891 1650 1074 1704 adjecit,
1107 1654 1136 1672 “
1154 1649 1472 1691 Misericordia
1500 1649 1686 1690 Domini

428 1726 598 1767 magna
618 1719 701 1766 est,
724 1728 828 1768 quae
851 1715 948 1757 vult
971 1728 1128 1757 omnes
1149 1716 1354 1757 homines
1378 1715 1532 1757 salvos
1553 1713 1649 1755 fieri
1668 1731 1679 1755 ι

422 1778 608 1833 justitia
635 1785 787 1822 tamen
809 1781 909 1835 ejus
929 1786 1055 1823 recta
1075 1787 1161 1832 est,
1187 1794 1291 1835 quae
1320 1781 1419 1822 vult
1448 1793 1580 1822 omne
1605 1780 1682 1821 de-

428 1844 587 1887 lictum
609 1846 834 1899 flagellari
854 1852 899 1888 et
919 1848 1094 1900 puniri:
1131 1861 1290 1889 verum
1309 1847 1356 1888 in
1378 1846 1686 1887 misericordia

429 1914 441 1931 ‘
459 1911 560 1964 ejus
575 1909 584 1928 '
598 1908 615 1933 ⁶
639 1912 872 1953 confidens
894 1917 940 1953 et
959 1912 1016 1954 de
1031 1914 1214 1967 justitia
1236 1913 1399 1953 timens
1422 1912 1526 1965 lego
1547 1925 1618 1952 me
1639 1916 1686 1952 et

428 1988 592 2029 corpus
635 1990 785 2017 meum
827 1978 1056 2018 vermibus
1099 1978 1442 2027 corrodendum,
1485 1978 1681 2018 animam

428 2045 581 2082 autem
621 2055 768 2083 meam
810 2055 954 2096 usque
993 2044 1040 2084 in
1081 2044 1198 2085 diem
1235 2043 1399 2098 judicii
1435 2043 1542 2096 igne
1576 2056 1684 2096 pur-

427 2106 594 2158 gatorii
628 2108 919 2149 cruciandam
947 2109 995 2149 in
1026 2121 1108 2162 spe
1141 2108 1462 2150 misericordiae
1497 2109 1600 2159 Dei,
1634 2109 1680 2149 in

426 2183 518 2224 qua
541 2172 676 2214 credo
698 2186 769 2214 me
791 2187 926 2226 posse
955 2175 1125 2215 salvari
1154 2176 1201 2215 in
1229 2174 1359 2215 illum
1389 2174 1554 2215 diem.''
1625 2174 1686 2215 Et

425 2237 511 2278 hiis
551 2238 684 2280 dictis
722 2239 900 2281 modico
941 2241 1199 2293 supervixit
1232 2245 1451 2294 tempore,
1487 2245 1533 2281 et
1566 2253 1686 2281 mor-

209 2316 254 2340 }10
272 2315 404 2341 isburied
425 2308 532 2344 tuus
562 2309 645 2352 est,
673 2305 971 2358 sepultusque
1001 2301 1147 2347 ‘est'6
1171 2307 1312 2361 juxta
1341 2310 1518 2359 patrem
1552 2319 1684 2346 suum

208 2353 237 2373 at
250 2349 350 2374 Fonte-

208 2382 309 2407 vrault.

423 2369 470 2409 in
490 2371 767 2411 monasterio
789 2375 801 2393 ‘
821 2371 980 2413 Fontis
996 2371 1030 2397 '⁷
1054 2372 1273 2422 Ebraudi,
1296 2384 1451 2413 mense
1480 2371 1690 2425 Aprilis,⁸3

472 2536 479 2554 ¹
507 2538 658 2570 Omitted
673 2541 707 2570 in
724 2538 801 2571 MS.
817 2540 904 2572 Cott.
921 2541 996 2573 Tib.
1115 2539 1128 2560 ⁷
1154 2543 1304 2574 Omitted
1321 2544 1354 2574 in
1372 2543 1447 2575 MS.
1466 2543 1589 2574 Lansd.

468 2581 481 2600 ²
505 2584 669 2624 Supplied
685 2586 768 2616 from
785 2586 858 2618 MS.
877 2586 1000 2619 Lansd.
1116 2586 1129 2605 ⁸
1152 2589 1222 2620 The
1254 2588 1374 2629 King’s
1414 2590 1599 2628 interment,
1628 2599 1684 2620 ac-

467 2627 481 2647 ³
503 2631 512 2647 ‘
524 2629 729 2671 complosis‚'
748 2632 823 2664 MS.
840 2633 967 2665 Lansd.
1069 2635 1208 2675 cording
1228 2639 1261 2666 to
1282 2635 1338 2666 the
1355 2635 1483 2666 Annals
1499 2635 1536 2666 of
1548 2635 1684 2665 Waver-

468 2675 480 2694 ⁴
503 2677 512 2693 ‘
526 2677 648 2716 equis‚'
664 2678 739 2709 MS.
756 2678 845 2710 Cott.
861 2679 938 2710 Tib.
1068 2680 1135 2721 ley,
1151 2690 1223 2712 was
1246 2681 1432 2720 performed
1457 2691 1499 2712 on
1514 2680 1681 2718 Saturday

468 2720 482 2738 ⁶
504 2723 655 2754 Omitted
673 2724 706 2754 in
724 2724 799 2755 MS.
816 2724 904 2756 Coll.
923 2725 1018 2756 Arm.
1068 2726 1124 2757 the
1141 2727 1218 2757 10th
1234 2727 1272 2758 of
1282 2727 1391 2766 April.
1440 2727 1588 2757 Annales
1605 2726 1681 2756 Wa-

467 2765 480 2784 ⁶
505 2768 669 2807 Supplied
684 2769 766 2801 from
784 2770 859 2801 MS.
876 2771 1000 2802 Lansd.
1069 2773 1183 2811 νει-Ιώ,
1199 2773 1277 2804 Rer.
1293 2773 1382 2811 Ang.
1400 2772 1520 2811 Script.
1537 2772 1573 2803 ii.
1592 2774 1666 2803 106.
