1866 3186
352 262 439 303 116
844 272 1121 303 cmmmcon

154 388 314 448 1¹32&
356 382 450 418 tres
472 388 654 429 quoque
677 376 948 429 impuberes,
972 389 1088 429 quos
1112 376 1393 417 Francorum
1411 372 1615 421 consilio,

184 442 190 447 '
230 441 236 446 ”
314 438 320 445 ’
357 442 478 496 patri
498 441 782 491 sollicitatos,
805 442 1113 492 subtraxerat,
1135 441 1194 482 ad
1214 446 1390 495 patrem
1406 440 1615 484 reduxit:

360 508 416 549 de
450 508 614 560 quibus
645 508 802 561 utique
832 520 922 548 nou
954 507 1133 549 modica
1161 507 1248 547 fuit
1277 507 1485 559 quaestio,
1515 518 1618 546 cum

361 574 512 615 aetatis
552 572 770 614 beneficio
813 573 1101 614 excusabiles
1142 572 1418 613 viderentur.
1495 571 1621 612 Prae-

363 646 503 688 terea,
524 639 582 679 ad
603 639 868 680 instantiam
889 640 1010 692 regis
1037 639 1243 680 Franciae
1265 642 1310 678 et
1330 638 1523 679 aliorum
1545 636 1622 690 qui

146 727 207 752 The
218 723 326 750 nanos
364 705 554 746 aderant
587 705 858 758 principum,
884 718 966 746 rex
997 704 1180 758 Angliae
1207 704 1416 745 comitem
1447 702 1624 743 Leices-

148 759 292 785 Leicester

148 791 349 850 ⁸⁰1⁶m¹¹e¹set
364 776 579 820 trensem,
601 770 890 824 reliquosque
911 772 1133 824 captivos,
1153 775 1319 823 praeter
1340 781 1494 822 regem
1515 767 1625 809 Sco—

148 833 181 857 pr
194 831 292 849 soners

150 858 303 888 atliberty.
365 842 532 886 torum,
569 836 777 877 absolute
811 836 1055 886 relaxavit,
1089 841 1136 877 et
1173 835 1391 876 relaxatis
1429 835 1549 876 bona
1582 838 1628 874 et

368 902 561 943 honores
582 902 797 943 restituit.
859 901 1084 943 Processu
1107 907 1260 943 tamen
1275 901 1507 954 temporis,
1523 912 1628 940 cum

369 981 526 1009 eorum
551 980 655 1020 quae
674 967 721 1008 in
749 980 798 1008 se
825 968 882 1008 ab
909 968 1101 1020 ingratis
1133 972 1179 1008 et
1208 967 1356 1007 infidis
1391 966 1631 1007 commissa

154 1054 214 1092 'rh-e
227 1051 304 1077 vaus
317 1051 348 1076 ot
370 1033 552 1074 fuerant
581 1033 816 1074 immemor
834 1033 1078 1083 videretur,
1098 1045 1252 1073 muros
1275 1032 1534 1073 Leicestriae
1563 1044 1630 1071 re-

155 1087 311 1150 dLeeissffiffi.
372 1103 507 1152 pente
547 1099 718 1148 subrui,
756 1103 802 1139 et
840 1098 1114 1140 munitiones
1159 1098 1358 1139 omnium
1399 1097 1477 1150 qui
1516 1110 1545 1138 a
1583 1109 1632 1137 se

157 1190 190 1214 A·
203 1189 237 1214 D,
253 1187 325 1213 1175.
373 1164 634 1205 defecerant
660 1164 956 1218 complanari,
985 1164 1214 1218 praecepit.
1283 1163 1490 1204 Tandem
1525 1175 1634 1204 vero

157 1248 308 1287 rhemng
374 1243 527 1283 regem
557 1229 814 1279 Scotorum,
841 1230 986 1283 pactis
1010 1228 1317 1283 interpositis¹
1348 1229 1636 1282 acceptisque

158 1280 330 1340 ῗέῗέιῖῗῖἒέ
376 1296 623 1345 obsidibus,
645 1296 900 1347 relaxavit;
930 1297 1206 1349 veniensque
1235 1296 1282 1335 in
1312 1294 1529 1347 Angliam
1560 1307 1636 1335 eo-

377 1362 566 1403 rundem
608 1362 954 1403 celebrationem
995 1367 1232 1415 pactorum
1273 1361 1394 1414 apud
1436 1361 1637 1401 Eborum

379 1428 590 1469 instituit.
665 1427 771 1478 Quo
810 1440 914 1467 cum
956 1428 1168 1477 venisset,
1209 1432 1342 1480 prout
1382 1426 1638 1467 condictum

382 1498 496 1543 erat,
517 1493 713 1535 occurrit
732 1493 774 1534 ei
795 1506 876 1534 rex
892 1492 1130 1534 Scotorum
1151 1506 1255 1534 cum
1274 1492 1497 1533 universis
1511 1492 1641 1544 regni

382 1559 454 1600 sui
474 1559 794 1613 optimatibus3
826 1559 903 1612 qui
924 1572 1095 1609 omnes,
1117 1560 1162 1599 in
1183 1562 1194 1580 ‘
1212 1558 1422 1600 ecclesia'
1437 1557 1452 1579 ⁹
1472 1558 1639 1598 beatis-

380 1625 482 1666 simi
512 1625 823 1678 apostolorum
853 1625 1082 1679 principis,
1120 1625 1218 1677 regi
1248 1623 1504 1676 Anglorum
1542 1628 1641 1664 tan-

380 1703 518 1744 quam
544 1690 785 1744 principali
811 1691 994 1732 domino
1017 1691 1268 1732 hominium
1295 1703 1396 1731 cum
1420 1690 1643 1742 ligianfia,

381 1756 427 1797 id
456 1761 525 1797 est
553 1756 744 1797 solemni
773 1757 982 1798 cautione
1008 1757 1159 1798 standi
1186 1770 1289 1798 cum
1320 1769 1373 1797 eo
1406 1761 1452 1797 et
1477 1769 1560 1809 pro
1591 1768 1645 1796 eo

382 1827 543 1863 contra
569 1835 726 1863 omnes
747 1822 965 1872 homines,
996 1835 1102 1875 rege
1132 1823 1315 1876 proprio
1341 1822 1646 1876 praecipiente,

384 1888 615 1928 fecerunt:
644 1888 831 1941 ipseque
850 1901 933 1928 rex
957 1887 1195 1929 Scotorum
1217 1901 1369 1929 coram
1390 1888 1512 1929 omni
1535 1887 1648 1928 mul-

386 1953 581 1994 titudine
608 1966 762 2005 regem
796 1952 1054 2005 Anglorum
1086 1954 1231 1994 modis
1266 1954 1543 1994 solemnibus
1571 1952 1647 1994 do-

389 2018 562 2058 minum
608 2030 742 2058 suum
786 2031 925 2071 seque
970 2018 1197 2060 hominem
1244 2024 1289 2060 et
1328 2019 1505 2059 fidelem
1552 2018 1651 2072 ejus

391 2083 669 2125 declaravit:
703 2084 834 2137 eique
864 2085 1096 2138 praecipua
1126 2085 1215 2126 tria
1244 2085 1374 2137 regni
1403 2085 1475 2125 sui
1505 2084 1651 2124 muni-

393 2150 530 2198 mina,
574 2149 746 2190 scilicet
787 2149 1111 2204 Rokesburgh,
1164 2149 1406 2205 Berewyk,
1450 2155 1495 2191 et
1539 2149 1652 2191 Cas-

394 2215 553 2256 tellum
575 2214 862 2256 Puellarum³
882 2215 983 2257 loco
1004 2216 1211 2258 obsidum
1231 2216 1432 2258 tradidit.
1477 2215 1656 2266 Quibus

396 2282 525 2330 actis,
550 2285 711 2334 optata
740 2294 854 2335 pace
883 2282 1041 2335 populi
1070 2282 1351 2331 fruebantur,
1380 2286 1426 2322 et
1451 2293 1532 2322 rex
1561 2280 1657 2321 An-

396 2347 576 2400 glorum
597 2351 828 2388 tantorum
849 2360 1037 2401 operum
1057 2348 1200 2388 titulis
1220 2348 1386 2397 clarus,
1400 2347 1658 2388 nominatus

397 2418 467 2453 est
487 2425 681 2465 magnus
701 2425 846 2466 usque
868 2414 925 2454 ad
946 2419 1175 2456 extremos
1195 2413 1307 2454 fines
1328 2418 1478 2454 terrae.

448 2529 456 2547 ¹
480 2529 562 2560 This
587 2539 659 2560 was
682 2530 737 2561 the
764 2533 870 2570 treaty
894 2531 931 2561 of
952 2531 1015 2561 Fa-

401 2576 498 2615 laise‚
514 2575 660 2607 wherein
675 2576 824 2607 William
849 2577 904 2607 the
932 2577 1014 2607 Lion
1094 2575 1107 2593 ²
1129 2576 1352 2616 ‘ecclesiam,‘
1362 2575 1660 2607 MSS.Coll.Arm.

402 2622 667 2660 acknowledged
691 2622 828 2653 himself
843 2623 898 2654 the
913 2623 1015 2662 liege—
1049 2622 1115 2653 and
1132 2622 1221 2654 Cott.
1236 2622 1312 2653 Tib.

403 2677 479 2697 man
509 2668 547 2697 of
570 2667 662 2706 King
689 2668 819 2707 Henry,
844 2669 910 2699 and
938 2668 1015 2700 thus

403 2713 576 2743 sacriflced
594 2713 648 2743 the
669 2715 813 2744 nominal
834 2714 1014 2752 independ·
1032 2728 1035 2742 ι
1096 2711 1110 2731 ³
1133 2712 1329 2752 Edinburgh
1346 2711 1470 2743 Castle.

404 2768 483 2788 enee
500 2758 537 2787 of
549 2759 719 2790 Scotland.
