1866 3186
467 266 694 299 WALTERI
728 269 789 298 DE
822 269 853 298 11
862 267 1197 299 ssnimcnuncn.
1383 259 1472 301 ⁶253

200 372 430 413 bominum
452 371 495 413 :”
527 372 601 413 cui
641 370 851 413 ‘abbas'¹
891 372 982 421 ille,
1018 372 1246 414 “Vellem
1283 373 1465 427 quidem

1542 388 1629 413 John.

1432 440 1441 448 .
1497 421 1532 446 A.
1547 421 1582 446 D.
1599 421 1673 446 1216.

198 438 300 488 hoc,
328 438 393 479 fili
415 438 494 488 mi,
519 451 611 479 non
645 443 801 479 tamen
836 437 947 479 licet
982 438 1030 479 in
1066 451 1308 492 personam
1344 452 1470 493 regis

197 517 380 545 manum
405 503 697 545 extendere.”
770 503 1004 545 Processit
1025 504 1184 558 itaque
1218 518 1470 547 conversus

197 575 243 611 et
267 570 374 611 tulit
404 583 519 624 pyra
546 582 684 619 nova,
706 570 872 623 quibus
903 571 1052 624 ipsum
1080 583 1236 624 regem
1272 571 1471 613 libenter

196 635 322 677 vesci
356 636 546 686 sciebat,
582 636 890 689 apposuitque
921 648 1147 678 venenum
1174 637 1222 678 in
1257 637 1469 689 singuliS‚

198 707 367 755 praeter
391 702 480 744 tria
500 714 604 754 quae
635 714 739 742 cum
770 701 950 742 caeteris
970 702 1172 754 reposita
1195 702 1368 756 optime
1389 703 1468 743 de—

199 768 407 817 notabat,
442 767 642 820 dumque
681 779 765 808 rex
795 766 975 808 sederet
1005 767 1051 807 in
1086 779 1246 808 mensa
1279 772 1327 809 et
1359 780 1468 809 con-

198 834 480 875 fabularetur
508 846 613 874 cum
643 832 739 873 suis
774 832 822 872 in
857 831 928 872 his
963 844 1067 886 quae
1098 833 1375 883 acciderant,
1397 846 1470 875 ac-

197 904 331 953 cepto
350 911 443 940 uno
463 911 581 952 pane
596 911 688 940 non
709 898 893 951 quidem
909 902 962 939 ut
986 898 1261 940 dominicam
1287 912 1467 940 coenam

200 965 387 1015 faceret,
408 965 488 1007 sed
515 970 569 1006 ut
600 964 648 1005 in
683 964 928 1017 perniciem
965 976 1095 1005 suam
1127 965 1393 1018 loqueretur
1424 969 1471 1006 et

200 1036 408 1080 mortem,
433 1031 649 1084 quaesivit
683 1043 712 1070 a
743 1030 960 1071 ministris
988 1031 1151 1083 quanti
1184 1035 1305 1072 esset
1333 1031 1471 1084 pretii

202 1097 333 1149 panis
355 1096 448 1146 ille,
471 1097 510 1137 si
534 1096 786 1138 venditioni
811 1095 1095 1147 traderetur;
1128 1100 1199 1137 ‘at
1219 1096 1303 1146 illi,
1324 1100 1355 1119 “
1374 1096 1470 1138 Va·

199 1162 361 1212 leret,'’
396 1163 626 1215 inquiunt,
664 1161 886 1203 “obolum
904 1159 1001 1203 :”'2
1039 1166 1087 1203 et
1123 1162 1216 1212 ille,
1252 1161 1469 1212 “Vere‚”

200 1228 366 1282 inquit,
391 1231 420 1250 “
435 1228 650 1269 fertilitas
677 1227 769 1269 ista
791 1227 996 1269 maxima
1021 1227 1128 1270 fecit
1144 1227 1243 1282 jam
1272 1228 1471 1270 barones

203 1307 327 1335 meos
349 1298 395 1335 et
417 1294 638 1348 populum
674 1306 826 1335 meum
860 1294 1096 1346 insurgere
1132 1294 1178 1334 in
1213 1291 1314 1346 me3
1347 1307 1470 1335 nunc

203 1364 355 1401 autem
407 1360 446 1400 si
500 1372 581 1413 per
624 1372 792 1400 annum
843 1359 1075 1412 integrum
1124 1360 1315 1402 comites
1361 1360 1471 1401 mihi

204 1425 374 1467 fuerint
399 1425 497 1467 vita
521 1430 568 1467 et
601 1424 728 1466 salus
764 1424 929 1466 faciam
967 1425 1122 1466 valere
1159 1438 1323 1479 panem
1354 1426 1472 1468 tanti

204 1491 417 1544 ponderis
449 1502 539 1533 xn.
571 1491 776 1532 obolos.’'
840 1490 899 1532 Et
920 1491 1220 1533 scandalizati
1248 1496 1357 1533 sunt
1387 1492 1471 1533 mi-

204 1557 336 1598 nistri
358 1557 457 1611 ejus
477 1558 525 1598 in
547 1557 687 1598 verbo
710 1557 801 1598 isto
833 1561 880 1598 et
911 1557 1260 1599 retrocedebant
1283 1558 1471 1611 quidam

204 1636 362 1664 eorum
415 1622 710 1677 conjurantes
756 1635 860 1664 cum
906 1635 1129 1664 converso
1179 1624 1226 1665 in
1277 1629 1471 1666 mortem

203 1689 364 1743 ipsius.
428 1688 570 1731 Venit
591 1688 748 1742 itaque
769 1701 1019 1729 conversus
1050 1688 1128 1730 ille
1161 1693 1207 1730 et
1236 1689 1470 1743 applausit

204 1756 319 1808 regi,
340 1755 460 1796 sicut
480 1759 526 1796 et
545 1753 661 1796 alias
683 1754 834 1796 facere
854 1760 1171 1804 consueverat,
1193 1759 1240 1796 et
1269 1755 1388 1796 dixit
1412 1756 1469 1804 ei,

205 1825 232 1843 “
254 1821 472 1862 Placetne
495 1821 596 1870 tibi,
621 1819 662 1862 Ο
684 1833 784 1870 rex,
820 1820 1058 1862 comedere
1081 1820 1138 1862 de
1173 1820 1327 1862 fructu
1368 1834 1470 1862 meo

207 1900 326 1928 novo
346 1887 389 1928 :''
421 1891 451 1909 “
467 1886 676 1936 Placet,”
698 1886 863 1940 inquit,
887 1890 916 1909 “
935 1886 1068 1937 vade,
1090 1891 1136 1928 et
1156 1886 1313 1928 affer.’'
1374 1886 1469 1928 Tu-

204 1953 347 2006 litque
371 1957 632 2006 praeparata
666 1965 781 2006 pyra
803 1957 850 1993 et
873 1953 1035 1994 statuit
1075 1965 1131 1994 ea
1162 1965 1316 1994 coram
1346 1966 1470 2006 rege.

207 2019 414 2073 Moxque
449 2018 625 2072 lapides
649 2018 837 2071 pretiosi
869 2019 948 2072 qui
981 2031 1134 2059 coram
1160 2031 1268 2072 rege
1287 2018 1472 2060 fuerant

203 2085 248 2125 in
293 2085 507 2126 sudorem
548 2085 858 2126 vertebantur.
948 2084 1009 2125 Et
1045 2085 1112 2126 ait
1154 2098 1254 2135 rex,
1299 2084 1470 2136 “Quid

206 2150 419 2199 attulisti,
450 2150 608 2199 frater,
640 2149 863 2203 numquid
894 2162 1117 2190 venenum
1155 2151 1405 2203 porrexisti
1421 2150 1471 2191 ‘f'’

209 2222 258 2257 at
278 2216 371 2265 ille,
396 2218 427 2238 “
447 2215 554 2257 Non
578 2228 818 2264 venenum,
842 2214 882 2255 Ο
909 2228 1008 2263 rex,
1027 2215 1107 2255 sed
1131 2215 1329 2257 fructum
1351 2216 1470 2270 opti-

204 2295 328 2323 mum
347 2281 390 2324 :”
429 2286 475 2323 et
510 2294 609 2331 rex,
644 2280 934 2329 “Comede‚''
975 2280 1139 2334 inquit,
1179 2281 1283 2322 “de
1318 2280 1471 2322 fructu

204 2348 344 2388 tuo:’'
376 2360 577 2400 moxque
609 2346 896 2400 apprehenso
928 2359 1021 2387 uno
1043 2358 1100 2387 ex
1125 2347 1250 2399 pyris
1274 2346 1472 2399 cognitis

206 2413 402 2454 comedit
440 2426 684 2466 saporose:
732 2417 778 2454 et
822 2425 921 2462 reli,
964 2411 1259 2461 “Comede‚'’
1306 2412 1471 2465 inquit,

205 2482 296 2520 “et
319 2478 513 2520 alterum
532 2479 574 2529 ;”
605 2483 652 2519 et
684 2478 910 2524 comedit;
945 2476 1166 2527 “Adde‚”
1190 2477 1356 2531 inquit,
1382 2481 1472 2519 “et

206 2543 454 2591 tertium;”
491 2548 536 2585 et
575 2543 682 2585 fecit
720 2544 801 2584 sic.
875 2542 975 2584 Nec
1011 2542 1203 2584 ulterius
1239 2555 1288 2584 se
1322 2543 1473 2596 potuit
1490 2555 1652 2581 Risdeath.

254 2675 260 2694 ¹
287 2676 438 2708 Omitted
455 2678 487 2708 in
507 2676 607 2708 MSS.
622 2676 815 2709 Coll.Arm.
905 2675 918 2694 ²
939 2675 950 2692 ‘
967 2675 1033 2707 Cui
1087 2676 1239 2708 minister
1289 2677 1475 2718 respondit,

205 2724 271 2755 and
289 2723 375 2756 Cott.
394 2724 470 2755 Tib.
854 2720 1047 2799 ἷέἰιὲἓιὶῃε,
1063 2723 1154 2754 valet
1178 2723 1350 2763 obolum,”
1361 2723 1371 2738 '
1396 2723 1471 2755 MS.
