1866 3186
448 289 675 321 WAL'rEm
707 289 771 319 ns
801 289 1177 321 nnurnonusscn.
1345 281 1430 322 107

167 405 271 433 cum
320 405 403 434 rex
455 392 713 443 Scotorum,
762 393 964 435 adventu
1013 406 1172 435 eorum
1222 406 1428 448 praecog-

167 458 280 508 nito,
317 457 499 511 longius
529 458 576 499 in
605 462 736 512 parte
772 463 1051 501 recesserat:
1083 471 1180 500 suae
1217 459 1305 500 hoc
1334 473 1429 501 me-

165 522 395 565 diocritati
426 536 510 576 pro
540 528 746 577 tempore
776 524 940 565 debere
970 523 1193 575 sufficere,
1215 537 1300 566 nec
1330 537 1431 566 esse

165 588 232 628 eis
261 593 413 630 tutum
447 588 638 629 ulterius
668 589 897 642 progredi,
928 602 985 630 ne
1009 590 1127 631 forte
1151 590 1432 643 paucitatem

164 665 298 694 suam
331 653 522 694 infinitae
556 654 855 696 barbarorum
901 653 1186 696 multitudini
1230 667 1432 708 expone-

166 723 270 760 rent
311 718 650 761 devorandam:
683 720 863 772 sibique
905 731 998 759 non
1043 731 1144 759 esse
1187 719 1431 772 plusquam

165 774 528 836 quadringentos
552 783 742 837 equites,
764 788 812 824 et
831 783 879 824 in
899 782 1056 824 hostili
1077 783 1285 824 exercitu
1304 783 1432 836 plus-

165 861 304 901 quam
325 848 563 900 octoginta
581 852 863 889 armatorum
886 846 1030 888 millia
1049 848 1283 890 aestimari.
1354 846 1430 889 Ad

166 913 266 954 haec
312 913 612 955 ferventiores
651 911 1002 966 responderunt,
1039 911 1197 954 hostes
1245 913 1431 966 nequis-

164 978 306 1020 simos
335 977 483 1019 modis
513 978 724 1019 omnibus
753 989 853 1018 esse
882 977 1187 1031 impetendos,
1214 982 1261 1019 et
1285 978 1430 1020 victo-

165 1043 278 1084 riam
302 1043 537 1096 desperari
565 1055 658 1084 non
688 1042 869 1092 debere,
886 1047 990 1096 quai·
1011 1043 1312 1095 proculdubio
1326 1043 1435 1096 jus<

168 1108 317 1149 titiam
373 1112 654 1161 sequeretur.
725 1108 938 1161 Denique
989 1107 1152 1149 horum
1204 1108 1432 1150 sententia

167 1173 463 1226 praevalente,
493 1178 546 1214 ut
579 1172 857 1215 ordinationi
898 1173 1066 1214 divinae
1111 1173 1258 1226 magis
1293 1185 1431 1226 quam

163 1238 377 1279 humanae
411 1238 630 1292 potentiae
665 1238 971 1279 ascriberetur
1004 1243 1214 1288 eventus,
1248 1239 1295 1279 in
1330 1239 1432 1292 qui-

166 1304 252 1345 bus
274 1308 405 1345 erant
440 1303 660 1356 praecipui
695 1303 928 1344 Robertus
956 1302 1013 1344 de
1042 1302 1304 1353 stotevilla,
1337 1304 1431 1346 Ra-

170 1369 370 1423 nulphus
419 1369 476 1409 de
525 1367 805 1417 GlaneviHa,
846 1368 1123 1410 Willielmus
1161 1369 1219 1410 de
1259 1369 1432 1423 Vescy,

165 1434 429 1475 Bernardus
453 1433 510 1474 de
535 1433 750 1482 Balliolo,
771 1438 996 1474 nocturna
1019 1434 1177 1486 requie
1196 1434 1432 1487 paulisper

165 1500 375 1549 recreati,
396 1512 575 1540 summo
613 1511 747 1540 mane
780 1498 1012 1552 progressi
1046 1504 1171 1548 sunt,
1201 1504 1336 1541 tanta
1356 1513 1432 1542 ve·

164 1564 350 1605 locitate
399 1569 715 1617 properantes,
767 1569 821 1605 ut
875 1564 1150 1617 quibusdam
1200 1577 1431 1606 armorum

164 1629 364 1682 pondere
413 1629 620 1681 gravatis
685 1628 836 1670 minus
886 1628 1123 1670 tolerabile
1174 1629 1431 1680 videbatur,

165 1698 178 1715 ‘
196 1707 303 1735 nam
320 1692 359 1714 ’¹
402 1698 510 1735 ante
540 1694 700 1735 horam
729 1694 938 1747 quintam
982 1705 1124 1736 xxlv.
1154 1694 1296 1736 millia
1325 1708 1433 1748 pas-

168 1772 303 1800 suum
346 1763 691 1801 transmearent.
767 1758 943 1801 Verum
993 1759 1102 1800 dum
1146 1759 1281 1810 irent,
1334 1765 1430 1802 tam

166 1825 308 1866 densa
340 1837 418 1866 eos
451 1825 631 1878 operuit
654 1824 824 1866 nebula
858 1829 911 1865 ut
939 1836 1056 1877 pene
1078 1825 1307 1866 nescirent
1337 1837 1431 1879 quo

164 1890 298 1931 irent.
345 1893 358 1911 ‘
373 1890 494 1931 Tum
517 1888 874 1943 prudentiores’2
894 1889 1200 1942 periculosum
1221 1889 1309 1932 iter
1325 1903 1432 1933 cau-

167 1959 323 1996 santes
354 1959 530 1996 certum
563 1954 805 1996 discrimen
836 1955 1070 1996 imminere
1093 1955 1324 2006 dixerunt,
1345 1956 1433 1998 nisi

168 2033 277 2062 mox
309 2020 509 2062 redirent
540 2021 762 2062 conversi.
833 2019 908 2062 Ad
943 2020 1042 2062 haec
1077 2021 1344 2063 Bernardus
1374 2021 1432 2063 de

168 2086 384 2136 Balliolo,
404 2086 475 2127 vir
507 2086 671 2127 nobilis
693 2090 739 2127 et
759 2086 1094 2138 magnanimus,
1125 2089 1156 2108 “
1174 2086 1430 2137 Recedat,'’

168 2151 333 2203 inquit,
357 2155 387 2174 “
403 2152 481 2204 qui
500 2151 722 2202 voluerit3
755 2163 842 2203 ego
867 2155 1036 2201 autem,
1058 2151 1196 2192 etiam
1211 2152 1339 2194 nullo
1363 2166 1432 2194 se-

167 2221 352 2269 quente,
377 2216 650 2269 procedam:
683 2216 803 2257 absit
837 2216 960 2269 quod
994 2221 1263 2269 perpetuam
1298 2219 1431 2261 nobis

166 2281 394 2323 maculam
418 2281 668 2323 recedendo
688 2280 985 2323 inferamus.''
1056 2281 1173 2323 Cum
1194 2295 1303 2335 ergo
1323 2296 1429 2336 pro-

166 2347 394 2396 cederent,
414 2347 651 2389 castellum
683 2346 739 2388 de
777 2345 1022 2400 AJnewyk‚
1056 2347 1208 2388 subito
1241 2360 1431 2390 evanes-

166 2417 298 2454 cente
328 2413 511 2463 nebula,
532 2425 628 2466 prae
659 2412 805 2454 oculis
835 2412 1073 2461 habentes,
1093 2411 1140 2454 id
1169 2412 1257 2454 sibi
1277 2417 1427 2455 tutum

163 2478 500 2530 receptaculum
529 2478 569 2519 si
600 2478 755 2519 hostes
777 2482 993 2530 urgerent
1016 2476 1111 2518 laeti
1135 2482 1428 2520 censuerunt.

1471 399 1569 429 fleury
1583 399 1626 426 11.

1465 433 1502 458 A.
1515 432 1629 458 D-nu.

164 2543 224 2584 Et
245 2556 349 2584 ecce
371 2556 453 2584 rex
476 2543 716 2584 Scotorum
737 2555 841 2583 cum
864 2543 1001 2583 turba
1019 2542 1225 2594 equitum
1245 2543 1430 2586 circiter
1447 2576 1462 2584 -

214 2712 221 2730 ¹
245 2712 411 2751 Supplicd
427 2712 509 2742 from
528 2711 602 2742 MS.
621 2711 743 2742 Lansd.
814 2712 823 2728 ‘
839 2711 989 2743 Tandem
1012 2711 1218 2752 prudentes‚'
1249 2712 1325 2746 MS.
1341 2713 1430 2746 Cott.

209 2757 222 2777 ²
244 2758 414 2793 ‘Tamem'
446 2758 522 2789 MS.
550 2758 635 2789 Coll.
668 2757 780 2796 Arm.;
814 2757 889 2789 Tib.
