1866 3186
225 411 358 442 Stephon.

211 445 243 468 A.
254 444 287 468 D.
301 445 375 469 1152.

194 1000 226 1026 Α.
242 1000 276 1026 D.
292 1001 365 1026 1154.

193 1033 280 1058 Peace
300 1040 343 1058 re-

191 1067 284 1091 stored
299 1068 327 1091 to

193 1099 332 1130 England.

192 1189 294 1214 Revolt
306 1189 337 1214 of

191 1222 284 1253 Philip
297 1223 331 1248 de

192 1255 334 1281 Coleville.

410 285 468 333 78
898 294 1177 326 cHRochN

410 398 679 450 gavensium
709 402 756 440 et
777 397 1018 438 Britonum
1041 396 1098 438 ad
1122 396 1355 438 Pirenaeos
1385 409 1531 450 usque
1551 409 1674 449 mon-

409 467 477 504 tes
499 462 699 504 Galliam
717 462 1085 516 Hispaniamque
1109 462 1384 512 dirimentes,
1397 462 1674 512 extenditur,

410 528 586 569 ratione
608 528 818 583 conjugis
841 527 889 568 in
914 527 1043 568 ducis
1071 527 1373 568 Norinannici
1397 533 1672 581 potestatem

409 594 633 635 transivit.
704 593 762 634 In
801 606 892 646 quo
931 593 1113 646 quidem
1147 592 1269 633 sacto
1302 592 1467 634 Franci
1500 593 1674 634 invidia

409 660 720 709 tabescebant,
752 671 843 700 non
873 662 1026 700 tamen
1055 658 1274 711 impedire
1308 663 1522 711 poterant
1548 659 1671 713 ejus-

408 724 511 766 dem
532 725 660 766 ducis
682 728 965 779 provectum.

412 821 613 874 Quomodo
643 821 792 863 devicit
813 822 903 862 Rex
929 821 1123 876 quosdam
1137 819 1325 871 Rebelles,
1349 826 1386 862 et
1405 826 1549 876 postea
1571 835 1672 876 pro-

777 887 884 928 vidit
904 886 1095 929 Ecclesiae
1113 885 1307 927 Eborum.

477 983 660 1025 Interea
679 996 761 1024 rex
782 982 1042 1036 Stephanus
1062 983 1183 1024 fastu
1205 983 1332 1036 regio
1354 983 1466 1024 fines
1487 982 1670 1036 Angliae

409 1053 421 1071 ‘
432 1047 702 1098 lustratus‚’l
717 1053 763 1090 et
780 1062 829 1090 se
841 1053 1062 1101 tanquam
1076 1061 1228 1100 regem
1244 1061 1411 1089 novum
1421 1053 1671 1099 ostentans,

409 1114 746 1166 suscipiebatur
758 1115 816 1154 ab
835 1114 1060 1164 omnibus,
1076 1118 1123 1155 et
1137 1113 1315 1155 decenti
1332 1113 1671 1166 magnificentia

408 1179 656 1220 colebatur.
725 1178 927 1220 Veniens
959 1173 1113 1220 autem
1138 1178 1185 1218 in
1216 1179 1550 1220 Eboracensem
1570 1193 1671 1233 pro-

407 1245 603 1286 vinciam
644 1244 874 1297 quendam
914 1244 1178 1298 Philippum
1221 1244 1276 1285 de
1309 1243 1548 1295 Colevilla,
1592 1246 1670 1298 qui

372 1363 375 1366 r
407 1310 705 1351 munitionem
747 1310 1063 1360 constituerat,
1106 1310 1282 1351 invenit
1313 1310 1542 1359 rebellem,
1578 1310 1668 1352 fre-

188 2050 264 2081 Sept.
282 2051 323 2075 29.

189 2083 305 2108 eonnen
326 2084 390 2109 held

187 2119 218 2140 at
229 2116 355 2143 London.

405 1380 504 1416 tum
563 1375 737 1416 scilicet
778 1375 984 1430 ejusdem
1026 1375 1289 1416 munitionis
1344 1375 1574 1425 firmitate,
1620 1382 1667 1418 et

406 1440 765 1482 commilitonum
788 1453 974 1482 suorum
1003 1441 1263 1493 ingentibus
1293 1441 1456 1482 animis
1476 1445 1523 1482 et
1543 1442 1670 1495 copi-

406 1518 488 1547 oso
524 1519 752 1547 armorum
785 1506 1079 1559 ciborumque
1113 1510 1353 1559 apparatu.
1423 1506 1529 1548 Rex
1560 1520 1668 1549 vero

404 1584 464 1612 ex
484 1571 702 1624 proximis
724 1571 969 1624 provinciis
999 1571 1203 1612 exercitu
1224 1577 1495 1621 convocato,
1519 1574 1669 1613 muni-·

404 1636 575 1677 tionem
608 1636 749 1685 illam,
781 1636 964 1690 objectu
1003 1636 1218 1686 amnium,
1256 1636 1491 1687 silvarum,
1528 1642 1666 1691 atque

405 1701 624 1754 paludum
649 1701 742 1742 fere
768 1701 1142 1752 inaccessibilem,
1166 1702 1398 1744 obsidione
1429 1703 1665 1754 conclusit,

406 1771 452 1807 et
488 1766 666 1808 fortiter
704 1772 1016 1820 expugnatam
1057 1768 1105 1808 in
1146 1768 1276 1810 brevi
1316 1769 1537 1820 obtinuit;
1570 1775 1668 1811 erat

405 1836 558 1873 autem
591 1837 772 1886 tempus
811 1833 985 1883 messis.
1070 1832 1161 1874 His
1194 1833 1351 1887 itaque
1391 1834 1586 1887 expletis
1622 1842 1668 1877 et

406 1897 508 1938 aliis
538 1910 641 1950 quae
673 1898 857 1939 volebat
885 1910 968 1938 rex
1005 1898 1053 1938 in
1085 1898 1270 1939 civitate
1305 1899 1522 1950 Eborum,
1546 1906 1592 1942 et
1620 1901 1667 1941 in

407 1962 646 2016 adjacente
670 1962 918 2015 provincia,
940 1962 999 2003 ad
1025 1967 1181 2015 partes
1206 1964 1428 2005 australes
1457 1977 1667 2008 reversus

407 2032 489 2069 est.
560 2028 621 2069 Et
641 2028 687 2068 in
717 2027 833 2069 festo
864 2028 1021 2069 Sancti
1043 2028 1283 2070 Michaelis
1307 2042 1410 2070 cum
1442 2031 1667 2084 episcopis

408 2097 454 2134 et
475 2093 772 2146 optimatibus
807 2098 940 2135 terrae
972 2093 1240 2135 concilium2
1275 2094 1525 2136 Londoniis
1546 2097 1664 2138 cele-

408 2159 574 2208 bravit,
604 2164 701 2200 tum
731 2171 814 2212 pro
846 2159 976 2212 regni
1004 2160 1201 2213 negotiis
1237 2164 1333 2201 tum
1364 2173 1447 2213 pro
1482 2163 1667 2214 negotio

408 2225 614 2264 vacantis
660 2224 863 2265 ecclesiae
902 2224 1103 2265 Eborum
1147 2238 1228 2278 per
1270 2231 1459 2267 mortem
1511 2227 1668 2270 Sancti

406 2288 660 2331 Willelmi.³
743 2289 936 2331 Evocati
965 2289 1106 2342 igitur
1134 2291 1331 2344 majores
1361 2291 1563 2344 ejusdem
1593 2306 1666 2334 ec-

453 2435 463 2454 ¹
486 2436 496 2454 ‘
507 2434 737 2476 perlustrans‚’
754 2437 828 2469 MS.
845 2437 970 2469 Lansd.
1050 2438 1133 2470 bert.
1182 2438 1238 2469 On
1259 2437 1315 2469 the
1335 2438 1436 2469 death
1452 2439 1490 2471 of
1499 2439 1667 2472 Thurstan

450 2480 464 2498 ²
485 2482 526 2513 In
553 2481 620 2513 this
646 2482 778 2514 council
802 2482 858 2513 the
887 2483 1020 2514 ancient
1050 2484 1093 2514 he
1119 2493 1191 2515 was
1215 2484 1395 2523 appointed
1424 2487 1458 2515 to
1489 2485 1544 2516 the
1571 2486 1668 2518 arch-

404 2531 551 2559 customs
566 2528 742 2570 contained
767 2529 802 2559 in
816 2528 872 2559 the
888 2529 1019 2560 charter
1052 2530 1221 2568 bishopric
1247 2530 1285 2560 of
1312 2529 1415 2569 York,
1449 2531 1521 2561 and·
1553 2541 1667 2563 conse-

403 2574 442 2604 of
454 2574 546 2614 King
563 2574 723 2614 Edward,
747 2574 813 2605 and
835 2574 890 2605 the
914 2575 1019 2614 privi-
1051 2575 1166 2606 crated
1192 2575 1285 2614 Sept.
1301 2578 1356 2615 26,
1373 2577 1467 2607 1144.
1516 2577 1558 2607 In
1581 2579 1664 2609 1147

403 2619 494 2659 leges
509 2620 546 2650 of
558 2620 613 2650 the
624 2620 749 2659 clergy,
764 2629 854 2651 were
870 2621 1018 2653 revived.
1052 2621 1093 2652 he
1122 2631 1195 2652 was
1218 2621 1378 2660 deprived
1405 2622 1450 2660 by
1473 2621 1528 2652 the
1559 2622 1667 2663 Pope,

454 2663 467 2681 ³
484 2665 692 2696 St.William
717 2675 788 2696 was
818 2666 961 2705 nephew
985 2666 1023 2697 of
1052 2666 1118 2697 and
1134 2667 1253 2706 Henry
1270 2667 1413 2697 Murdac
1437 2668 1616 2706 appointed
1634 2672 1667 2699 to

406 2710 498 2749 King
514 2710 673 2750 Stephen,
693 2711 793 2750 being
818 2711 873 2742 the
900 2721 959 2743 son
985 2712 1023 2742 of
1051 2712 1106 2743 the
1134 2722 1212 2750 see3
1236 2713 1297 2743 but
1324 2712 1365 2742 he
1391 2712 1495 2751 dying
1520 2713 1554 2743 in
1572 2716 1668 2754 1153,

405 2755 457 2785 his
483 2756 580 2786 sister
606 2756 724 2787 Emma
754 2757 798 2795 by
824 2757 904 2787 Earl
932 2757 1018 2787 Her·
1052 2757 1199 2788 william
1215 2767 1287 2788 was
1310 2758 1468 2790 restored.
1518 2758 1573 2789 He
1589 2760 1667 2791 died
