1866 3186
408 294 494 337 106
892 302 1171 335 οΗηοΝιοοΝ

207 418 356 450 nemu,
409 397 493 433 est.
556 391 743 435 Interea
772 403 857 431 rex
886 390 1128 433 Scotorum
1157 403 1260 431 cum
1291 391 1488 444 propriae
1519 392 1669 443 gentis

203 451 370 477 ⁸·⁰·¹¹⁷⁴·
410 456 592 498 infinita
634 454 926 496 multitudine
974 455 1215 505 barbariae,
1257 457 1671 509 accersiturumque

411 534 471 563 ex
504 520 722 562 Flandria
763 519 1162 573 stipendiariorum
1200 533 1338 561 manu
1372 533 1463 562 non
1493 521 1673 563 modica

411 586 524 627 fines
544 585 802 638 Anglorum
822 585 1074 637 ingressus,
1090 584 1205 625 duas
1225 586 1498 627 munitiones
1519 586 1671 638 regias

409 651 457 692 in
485 648 781 700 Westmeria‚
816 649 990 691 scilicet
1033 650 1237 702 Bergum
1279 654 1326 708 et
1369 653 1383 672 ‘
1397 649 1642 704 Appelby,’
1656 650 1670 672 ¹

411 720 757 769 praeoccupatas
779 720 826 756 et
849 715 947 756 sine
968 714 1194 767 praesidiis
1216 715 1426 756 inventas
1447 715 1669 757 obtinuit:

189 790 387 848 ggzlffiffigf
409 781 604 834 indeque
643 780 760 822 diem
798 779 1055 832 digrediens
1092 779 1256 820 iterum
1292 780 1449 821 urbem
1495 779 1671 823 Cardu-

190 856 359 913 fjelgescar-
409 846 599 887 liensem
629 845 823 894 obsedit,
859 845 939 885 sed
970 856 1000 884 a
1034 844 1225 897 trepidis
1255 844 1432 886 civibus
1462 845 1672 886 cautione

202 895 262 914 ἠ’
409 911 632 964 praestita,
675 910 798 964 quod
838 909 897 950 ad
942 909 1061 950 diem
1110 914 1284 950 certum
1327 910 1563 951 civitatem
1602 910 1670 951 illi

407 975 654 1024 traderent,
692 975 780 1016 nisi
813 974 995 1015 interim
1026 987 1055 1015 a
1087 987 1197 1027 rege
1232 973 1413 1027 Angliae
1442 974 1669 1017 sufficiens

406 1040 495 1081 sibi
515 1040 778 1093 praesidium
802 1039 1077 1089 mitteretur,
1107 1039 1166 1079 ad
1189 1039 1546 1092 oppugnandam
1567 1052 1669 1080 mu-

406 1104 624 1146 nitionem
652 1104 709 1145 de
736 1103 957 1145 Prudhou
988 1104 1215 1145 convertit
1246 1104 1511 1145 exercitum.
1579 1104 1670 1146 Sed

407 1182 511 1210 cum
533 1181 616 1223 per
637 1169 734 1210 dies
765 1168 942 1222 aliquot
967 1181 1100 1210 casso
1129 1172 1176 1209 et
1205 1169 1300 1209 suis
1325 1169 1475 1222 magis
1502 1172 1515 1191 ‘
1529 1170 1669 1211 noxio

407 1234 562 1275 labore
605 1238 729 1276 esset
768 1233 991 1283 sudatus‚'
1004 1232 1021 1255 ²
1077 1233 1266 1274 audiens
1317 1234 1520 1275 Eborum
1561 1247 1668 1287 pro·-

189 1307 306 1364 grojgeg
307 1306 368 1364 ,31¹⁶
407 1299 570 1341 vinciae
590 1303 750 1340 contra
773 1312 877 1340 eum
899 1298 1108 1339 militiam
1130 1299 1338 1348 excitari,
1360 1298 1494 1352 Tyno
1513 1303 1665 1341 trans-

191 1347 262 1429 113³ss
262 1358 348 1430 {2335
408 1365 549 1405 misso
592 1363 936 1405 Northumbriae
977 1363 1090 1404 fines
1130 1363 1316 1413 invasit,
1357 1368 1403 1404 et
1446 1364 1554 1404 dum
1594 1364 1668 1405 sui

190 1437 314 1463 berland·
407 1429 576 1482 praedae
605 1429 670 1470 ibi
698 1428 974 1477 insisterent,
1010 1427 1229 1481 jugulare
1259 1441 1408 1477 senes,
1439 1429 1668 1470 trucidare

407 1494 642 1546 parvulos,
666 1493 920 1534 eviscerare
941 1493 1166 1542 foeminas,
1195 1493 1322 1545 genti
1341 1493 1600 1534 inhumanae
1621 1499 1669 1535 et

406 1558 512 1599 feris
534 1558 638 1612 plus
663 1556 872 1598 ‘efferae’³
896 1557 1111 1610 voluptas
1135 1557 1235 1598 fuit.
1285 1557 1408 1611 Ipsis
1429 1571 1539 1610 ergo
1560 1559 1665 1599 bar-

405 1623 528 1664 baris
558 1622 804 1663 inhumane
834 1622 1219 1663 debacchantibus
1250 1635 1333 1663 rex
1368 1623 1467 1675 ipse
1498 1623 1664 1664 hones-

405 1688 509 1729 tiori
539 1688 799 1740 mitiorique
830 1687 1029 1740 stipatus
1065 1687 1229 1728 militia
1258 1688 1532 1729 observabat
1563 1701 1665 1729 cas-

403 1752 562 1794 tellum
592 1752 648 1793 de
672 1750 917 1806 Alnewyk,
948 1765 1005 1793 ne
1030 1751 1147 1794 forte
1174 1765 1337 1793 manus
1367 1766 1427 1794 ex
1459 1766 1513 1794 eo
1547 1753 1664 1795 mili-

403 1818 516 1859 taris
538 1830 783 1870 erumpens
813 1818 1169 1871 circumquaque
1197 1823 1460 1870 grassantes
1483 1823 1663 1873 pertur-

404 1884 536 1924 baret
558 1882 816 1937 praedones.

774 2005 929 2060 Captus
948 2010 1003 2046 est
1023 2005 1112 2046 Rem
1132 2004 1291 2046 Scotiae.

182 2101 368 2165 ssffil’ffssffi
466 2107 479 2125 ‘
497 2102 603 2143 Hiis
643 2103 800 2156 itaque
842 2102 986 2154 gestis
1029 2102 1230 2143 Eborum
1268 2102 1516 2155 provinciae
1549 2105 1662 2157 regii

400 2168 626 2222 proceres'
640 2166 658 2189 ⁴
687 2167 810 2221 apud
834 2167 1087 2208 Castellum
1110 2167 1299 2208 Novum
1330 2179 1432 2208 cum
1455 2170 1663 2222 equitatu

402 2233 553 2275 valido
582 2237 908 2282 convenerunt,
938 2237 1132 2285 urgente
1164 2232 1334 2286 quippe
1363 2235 1549 2285 negotio
1583 2247 1663 2287 pe·

402 2299 578 2340 destres
617 2311 709 2339 non
749 2302 962 2352 poterant
1008 2297 1163 2350 copias
1206 2310 1500 2350 congregare.
1598 2300 1660 2341 Et

401 2378 504 2405 cum
530 2365 578 2405 in
607 2363 835 2405 communi
866 2367 1114 2404 tractarent
1147 2362 1253 2415 quid
1286 2368 1406 2403 esset
1429 2364 1660 2416 agendum

401 2429 712 2483 prudentiores
742 2428 1001 2481 allegarunt
1028 2427 1222 2468 multum
1249 2427 1349 2481 jam
1382 2441 1482 2470 esse
1505 2434 1659 2471 actum

447 2569 457 2588 ¹
481 2570 685 2611 ‘Alipelby,’
701 2571 775 2603 MS.
793 2570 985 2603 0011.Arm.
1091 2567 1106 2588 ⁸
1128 2570 1321 2611 ‘efferatis,’
1345 2571 1446 2603 MSS.
1463 2571 1548 2604 0011.
1564 2572 1658 2603 Arm.

1043 2617 1107 2648 and
1125 2616 1214 2649 Cott.
1229 2617 1306 2648 Tib.

445 2664 457 2682 ²
479 2663 488 2679 ‘
501 2663 600 2693 noxio
624 2663 744 2694 fuisset
767 2663 881 2694 labore
908 2662 1009 2695 suda·
1090 2661 1102 2680 ⁴
1125 2663 1148 2679 “
1160 2662 1239 2693 Hiis
1252 2663 1300 2693 ita
1311 2672 1347 2693 se
1358 2662 1557 2693 habentibus
1569 2663 1657 2694 Ebo-

397 2708 491 2748 tum‚’
508 2709 581 2740 MS.
599 2708 723 2740 Lansd.
1042 2709 1172 2739 racenis
1189 2708 1368 2747 provinciae
1386 2706 1564 2748 proceres,’
1580 2709 1656 2742 MS.

1043 2754 1165 2784 Lansd.
