1866 3186
181 390 254 413 ?AG.
307 391 375 414 un.
426 391 619 415 EXEMPLAR.

185 432 284 480 280,
337 434 377 480 4,
399 432 518 483 idem,
543 433 604 481 in,

177 535 248 924 111121

306 510 374 559 13,
395 508 444 550 de
462 509 646 563 Myrinis

306 587 371 637 15,
393 585 447 626 sit

306 663 373 711 18,
388 675 471 717 pro

304 740 372 790 22,
393 739 666 794 summaqium

306 817 376 864 24,
399 815 448 856 de
468 821 598 864 ewtra,

309 893 378 939 25,
403 892 448 932 in
517 891 641 933 balli-

381 971 474 998 vam
493 971 610 999 suam

309 1032 377 1081 27,
400 1033 511 1075 alias

309 1111 375 1158 29,
398 1109 623 1164 summayio

384 1207 392 1215 .
420 1207 430 1217 .
459 1207 467 1215 .
496 1189 644 1230 capm-

380 1247 451 1282 tur
499 1240 646 1281 chami-

380 1306 550 1361 myium

305 1384 376 1430 30,
397 1382 443 1423 in
463 1381 607 1437 quibus

306 1460 375 1508 31,
395 1457 543 1499 solebat
612 1463 649 1498 et

378 1522 517 1564 debuit

182 1601 391 1648 280-281,
442 1602 514 1648 34,
559 1599 647 1640 oke—

380 1665 623 1720 mimyiwm.

385 1731 541 1771 Omnes.

181 1863 261 1902 281
269 1893 279 1911 ,
335 1862 374 1910 6,
397 1860 641 1902 castellanus

335 1936 376 1986 7,
397 1938 479 1979 sive
503 1937 551 1978 de
582 1938 645 1978 vi-

379 2002 468 2043 ridi

308 2080 378 2129 12,
388 2079 618 2133 forestario

380 2150 514 2185 nostro

306 2222 375 2268 15,
388 2220 560 2274 forestis

306 2297 374 2344 18,
398 2295 629 2350 templariis

307 2373 376 2422 19,
397 2378 435 2413 et
466 2371 647 2426 hospita-¹

382 2437 518 2486 lariis,
553 2450 647 2478 σοπ-

380 2501 660 2544 εαοταῶἰπὶὁῑιε

308 2580 376 2628 20,
387 2578 560 2632 forestis

310 2655 377 2703 22,
398 2653 620 2708 praedictas

781 300 1046 331 APPENDIX.
1557 290 1644 332 353

847 393 1112 418 nzmmcsuncu.

713 434 894 483 iterum,
917 434 1034 475 deest.

713 509 962 551 heironum.

714 593 798 627 cst.

714 675 809 715 per.

714 743 727 760 ‘
745 742 1058 795 summagium
1079 755 1219 796 super
1239 742 1425 784 dorsum
1449 742 1614 783 suum.’
1634 741 1644 762 ¹

711 821 860 858 extra.

711 892 829 935 deest.

714 1033 836 1076 alibi.

714 1123 833 1163 equo
863 1115 1077 1164 portante
1105 1112 1410 1165 summagium
1437 1106 1648 1164 capiator

743 1175 929 1230 aliquod
950 1176 1288 1231 chiminagium.

714 1381 806 1422 ubi.

717 1457 966 1499 consuevit.

716 1598 1059 1651 chiminagium.
1102 1599 1176 1640 De
1198 1600 1350 1641 boscis
1370 1604 1524 1641 autem
1545 1599 1647 1641 illo-

746 1676 849 1704 rum
904 1664 1079 1705 nullum
1137 1665 1274 1706 detur
1324 1665 1647 1717 chiminagium

745 1729 999 1771 forestariis
1039 1731 1209 1771 nostris
1249 1736 1554 1784 praeterquam
1593 1731 1649 1771 dc

743 1795 982 1836 dominicis
1003 1796 1153 1837 boscis
1173 1796 1354 1837 nostris.
1426 1796 1611 1837 Omnes.

720 1860 999 1902 castellanus
1019 1861 1094 1902 vel
1115 1860 1249 1902 alius.

718 1937 775 1978 dc
799 1937 948 1979 viridi.

711 2078 981 2132 justitiario.

717 2219 900 2261 foresta.

715 2294 834 2337 deest.

717 2371 874 2421 desunt,
897 2371 1299 2413 consuctudinibus
1318 2372 1430 2413 suis,

716 2575 902 2617 foresta.

718 2652 834 2693 deest.

659 2777 668 2797 ¹
693 2777 960 2818 ‘summagium,’
975 2777 1049 2810 MS.
1066 2776 1189 2809 Lansd.

252 2855 355 2885 VOL.
395 2855 424 2884 Ι.
