1866 3186
415 276 503 319 338
917 283 1192 316 cHRONmON

221 403 390 436 nemin.
420 395 542 433 terra
577 403 688 442 sua3
729 389 809 444 qui
843 389 1037 443 gloriam
1081 401 1178 430 suae
1221 388 1372 430 laudis
1413 388 1682 431 imminuere

204 436 388 516 T‘tffi'tgltn'
420 457 596 507 nolens,
616 457 725 498 licet
742 456 1126 510 peregrinationis
1146 467 1243 496 suae
1272 468 1459 496 causam
1484 460 1682 509 praeten-

204 524 336 582 Efississsss.
421 523 527 565 dere
548 528 703 577 posset
721 527 767 564 et
798 534 1036 571 excusare,
1061 521 1209 562 noluit
1228 525 1396 571 tamen,
1421 521 1500 563 sed
1532 521 1677 562 liben-

422 594 492 631 ter
526 588 769 638 concessit,
793 593 840 630 et
859 587 1211 642 praeconizatum
1250 593 1321 628 est
1352 600 1465 629 voce
1494 587 1678 640 publica

422 654 543 708 quod
571 654 826 696 Edwardus
847 667 949 696 cum
980 652 1231 706 peregrinis
1261 653 1356 694 suis
1385 658 1562 706 partem
1584 658 1677 694 tor-

422 720 652 762 neamenti
673 724 846 762 teneret
862 724 1022 762 contra
1043 732 1200 761 omnes
1215 719 1430 761 advenire
1447 719 1652 760 volentes
1667 731 1679 769 3

424 791 748 828 concurrerunt
767 786 923 840 itaque
943 785 1076 826 multi
1095 798 1154 826 ex
1175 785 1298 827 omni
1322 790 1453 839 parte
1479 784 1681 838 regionis

423 853 564 902 illius,
584 853 706 894 inter
725 865 842 906 quos
861 852 1095 906 pedestres
1118 851 1250 893 multi
1270 856 1317 893 et
1334 851 1472 893 etiam
1492 850 1678 905 quidam

425 923 662 972 equestres
695 917 924 973 conjurati
958 922 1067 959 sunt
1103 917 1162 959 ad
1203 917 1399 959 invicem
1429 917 1477 958 in
1506 916 1677 970 spolia-

425 984 595 1025 tionem
633 982 891 1037 Anglorum
941 995 1037 1037 prae
1084 983 1294 1024 manibus
1336 983 1587 1024 vendentes
1634 987 1681 1023 et

425 1062 568 1103 equos
602 1054 649 1091 et
679 1062 821 1099 arma,
842 1053 888 1091 et
915 1049 1120 1090 bibentes
1150 1049 1306 1090 vinum
1339 1048 1605 1090 libaminum
1635 1048 1683 1089 in

426 1118 439 1137 ‘
456 1115 793 1170 spoliationem'
804 1113 816 1136 ¹
841 1114 1233 1168 captivandorum.
1287 1115 1419 1156 Misit
1436 1114 1573 1156 etiam
1590 1113 1682 1155 Ed-

426 1181 608 1222 wardus
639 1181 687 1222 in
721 1180 940 1234 Angliam
975 1194 1059 1235 pro
1091 1179 1364 1234 quibusdam
1395 1180 1686 1233 magnatibus

425 1247 538 1297 suis,
560 1252 607 1288 et
627 1251 850 1289 venerunt
871 1246 929 1287 ad
953 1259 1056 1288 eum
1081 1247 1270 1288 comites
1291 1252 1335 1288 et
1358 1247 1576 1288 barones:
1603 1246 1685 1287 ad-

427 1313 639 1354 veniente
662 1313 841 1355 demum
874 1312 947 1354 die
977 1313 1154 1354 inventi
1184 1317 1292 1354 sunt
1321 1325 1423 1354 cum
1456 1311 1685 1353 Edwardo

429 1379 523 1420 fere
543 1379 667 1420 mille
693 1379 862 1420 milites
893 1378 1059 1420 armati
1088 1383 1135 1420 et
1164 1378 1397 1432 pedestres
1426 1377 1573 1427 multi,
1603 1378 1682 1419 sed

429 1457 489 1486 ex
514 1449 644 1498 parte
665 1446 812 1486 altera
836 1444 1026 1498 duplare
1047 1457 1151 1485 eum
1181 1448 1392 1498 poterant
1414 1448 1461 1485 et
1490 1443 1683 1485 homini-

429 1511 515 1551 bus
538 1515 585 1551 et
607 1511 736 1564 equis
756 1524 766 1561 ;
799 1510 1196 1563 congredientibus
1218 1522 1327 1563 ergo
1348 1509 1572 1563 partibus,
1593 1522 1682 1550 coe-

429 1581 596 1629 perunt
614 1576 848 1629 pedestres
872 1576 950 1629 qui
971 1575 1327 1630 conjuraverant
1352 1580 1399 1617 et
1419 1575 1618 1629 spoliare
1639 1581 1686 1618 et

429 1641 665 1695 perimere,
708 1642 1071 1694 resistebantque
1113 1641 1258 1682 nostri
1303 1654 1404 1682 cum
1445 1641 1596 1682 fundis
1639 1646 1687 1683 et

428 1708 643 1758 arcubus,
673 1712 719 1749 et
748 1707 994 1761 peremptis
1018 1707 1377 1761 quamplurimis,
1406 1712 1597 1749 caeteros
1627 1708 1685 1749 ad

428 1779 587 1827 portas
604 1773 805 1815 civitatis
824 1773 1051 1827 persecuti
1070 1778 1192 1823 sunt,
1210 1773 1379 1814 multos
1397 1774 1534 1815 etiam
1557 1773 1686 1827 fuga-

429 1844 594 1881 verunt
644 1839 702 1881 ad
753 1852 918 1893 aquam
960 1844 1006 1880 et
1047 1839 1269 1880 submersi
1320 1844 1451 1881 sunt:
1504 1839 1685 1881 interim

430 1904 644 1947 ‘dedit'2
672 1918 721 1946 se
756 1918 908 1947 comes
945 1918 1047 1946 cum
1083 1905 1240 1946 electis
1278 1916 1318 1946 L.
1357 1905 1576 1946 militibus
1608 1905 1688 1959 qui

429 1972 739 2024 sequebantur
751 1984 853 2012 eum
871 1971 927 2012 ad
946 1983 1141 2011 cuneum
1160 1970 1375 2012 Edwardi
1390 1975 1435 2012 et
1452 1970 1693 2024 conjunxit

432 2049 482 2077 se
505 2036 562 2086 ei,
592 2037 856 2090 mutuisque
888 2036 1143 2089 gladiorum
1173 2035 1339 2077 ictibus
1369 2037 1508 2090 longo
1543 2037 1694 2090 spatio

432 2101 744 2152 decertabant,
793 2115 988 2155 cumque
1037 2106 1190 2143 essent
1239 2103 1373 2144 ambo
1417 2103 1608 2153 strenui,
1648 2107 1695 2143 et

431 2167 622 2209 vidisset
659 2181 708 2208 se
740 2180 891 2210 comes
927 2181 1017 2209 non
1045 2167 1263 2221 proficere
1294 2168 1466 2221 gladio,
1502 2168 1693 2209 circum-

434 2233 569 2275 duxit
583 2233 769 2275 brachio
788 2234 956 2275 collum
978 2233 1194 2275 Edwardi
1216 2238 1262 2275 et
1281 2247 1386 2275 eum
1405 2233 1696 2275 vehementer

435 2299 670 2346 astrinxit,
691 2303 738 2340 et
758 2300 823 2340 ait
845 2299 1114 2349 Edwardus,
1146 2303 1174 2321 “
1194 2298 1317 2350 Quid
1354 2300 1438 2341 tibi
1459 2300 1547 2349 vis,
1577 2313 1693 2340 nun-

436 2364 545 2417 quid
569 2377 717 2405 meum
740 2378 906 2419 equum
931 2365 1096 2406 habere
1117 2364 1263 2406 credis
1279 2365 1293 2406 ἓ
1307 2365 1333 2381 ”
1355 2370 1401 2406 et
1420 2365 1513 2415 ille,
1540 2368 1570 2387 “
1590 2365 1694 2406 Uti-

435 2443 524 2483 que
557 2435 602 2471 et
636 2435 682 2471 te
715 2435 761 2471 et
794 2443 960 2484 equum
1002 2431 1169 2472 habere
1196 2430 1350 2471 volo.'’
1421 2431 1696 2483 Indignatus

436 2495 494 2536 ad
519 2496 617 2536 haec
641 2496 788 2537 erexit
809 2509 873 2546 se,
893 2501 939 2537 et
958 2509 1176 2550 percusso
1194 2496 1428 2538 dextrario
1447 2497 1495 2537 in
1518 2500 1697 2538 tantum

434 2561 567 2603 irruit
588 2561 710 2614 quod
738 2562 897 2603 relicto
926 2575 1043 2615 equo
1075 2562 1260 2615 proprio
1291 2561 1409 2603 collo
1439 2562 1582 2615 ipsius
1614 2562 1694 2602 ad-

434 2626 568 2669 haesit
589 2627 722 2677 alter,
745 2628 1040 2681 excussitque
1069 2641 1169 2669 eum
1202 2627 1247 2668 in
1285 2632 1453 2668 terram
1478 2641 1582 2669 cum
1618 2627 1695 2668 diu

481 2772 489 2790 ¹
506 2775 516 2792 ⁴
532 2775 675 2814 spoliis‚'
691 2775 767 2808 MS.
784 2776 908 2809 Lansd.
1069 2773 1075 2819 Ι
1153 2774 1165 2792 ²
1188 2775 1198 2793 ‘
1211 2775 1323 2815 cedit,’
1339 2776 1413 2807 MS.
1432 2776 1555 2806 Lansd.
