1866 3186
200 416 323 442 niel-ard
335 417 360 443 1.

199 449 234 475 A.
248 449 283 475 D.
299 451 373 476 1193.

188 1807 264 1838 King
277 1806 369 1838 Philip

186 1841 302 1866 marries
320 1841 368 1865 the

187 1874 326 1904 daughter
337 1874 368 1898 of

186 1908 235 1932 the
248 1907 331 1932 Duke
343 1907 374 1932 os

187 1941 295 1966 Mei-an.

396 289 484 331 214
897 299 1172 331 cHn0N100N

402 403 671 458 exequendo
708 403 998 453 occumbant,
1036 403 1295 445 severitatis
1330 402 1548 444 ultionem
1584 414 1663 442 ex-

402 474 572 524 petere.
642 469 919 512 Audivimus
943 469 1082 510 etiam
1111 468 1167 510 de
1194 469 1524 522 praenominato
1555 480 1662 520 rege

403 535 660 589 vulgatum,
707 535 828 589 quod
874 547 957 576 nos
1003 539 1223 588 tanquam
1267 535 1417 575 minus
1458 534 1662 586 integros

403 606 448 643 et
467 605 731 643 constantes
753 600 986 642 induxerit
1018 605 1070 641 ut
1096 600 1152 640 de
1178 600 1346 640 nostris
1370 600 1547 653 aliquos
1567 599 1664 652 regi

405 667 688 710 Francorum
713 666 1010 707 insidiaturos
1043 665 1379 715 emitteremus;
1412 666 1532 718 quod
1563 678 1663 719 pro-

403 733 617 774 culdubio
654 733 821 774 falsum
859 737 906 774 et
940 732 1199 774 vanissimae
1231 731 1502 784 suspicionis
1539 743 1662 772 com-

402 805 606 840 mentum
652 803 738 849 est,
789 811 892 840 cum
941 811 1024 839 nec
1072 798 1185 852 ipse,
1236 797 1336 838 Deo
1388 802 1522 847 teste,
1570 796 1663 838 tale

403 865 576 918 aliquid
633 864 754 906 circa
812 877 896 906 nos
950 863 1262 913 attentaverit,
1311 876 1394 905 nec
1445 875 1533 904 nos
1584 863 1664 904 ho-

402 931 512 971 mini
546 930 773 971 immerito
807 930 978 971 malum
1005 930 1155 971 moliri
1175 934 1385 983 respectu
1409 929 1665 970 honestatis

403 1001 573 1037 nostrae
597 996 861 1037 sineremus.
921 996 1046 1037 Bene
1070 995 1269 1037 valete.''
1341 994 1444 1035 Has
1466 994 1662 1048 denique

402 1061 560 1103 literas
595 1074 698 1103 cum
738 1074 892 1103 coram
930 1074 980 1102 se
1024 1061 1287 1102 solemniter
1326 1061 1545 1102 recitatas
1578 1073 1663 1102 rex

406 1127 689 1169 Francorum
720 1127 939 1177 audisset,
975 1127 1147 1170 dixisse
1181 1126 1339 1176 fertur,
1375 1139 1530 1180 regem
1569 1127 1665 1168 An-

402 1193 581 1246 glorum
610 1193 666 1234 de
695 1198 791 1235 tam
821 1193 980 1234 infami
1011 1198 1121 1235 nota
1150 1193 1370 1247 praeclare
1400 1197 1664 1246 purgatum,

401 1272 542 1312 seque
566 1272 667 1301 cum
691 1260 792 1313 ipso
812 1259 869 1300 de
889 1264 1056 1301 caetero
1079 1272 1215 1312 posse
1238 1259 1467 1309 foederari,
1492 1271 1596 1299 cum
1617 1259 1664 1300 in

403 1338 504 1366 eum
535 1325 664 1367 nulla
692 1326 783 1367 alia
812 1338 953 1367 causa
989 1324 1153 1366 fortius
1188 1337 1325 1378 quam
1364 1328 1377 1348 ‘
1395 1323 1661 1378 suscepta’1

403 1391 663 1444 suspicione
707 1391 764 1433 de
807 1404 918 1432 nece
958 1391 1222 1432 amicissimi
1266 1390 1542 1431 marchionis
1579 1403 1661 1431 ex·

403 1457 595 1505 arserit;
641 1457 739 1498 haec
776 1457 947 1506 dicens,
980 1469 1164 1498 causam
1205 1455 1442 1498 substituit
1487 1456 1597 1510 quia
1634 1469 1664 1497 a

404 1522 499 1563 suis
546 1522 705 1564 eodem
751 1527 956 1576 tempore
997 1522 1056 1563 ad
1094 1522 1339 1564 ineundum
1374 1522 1523 1563 foedus
1558 1534 1662 1563 cum

403 1600 511 1641 rege
546 1587 803 1642 Anglorum
835 1589 1129 1630 monebatur:
1162 1588 1331 1629 dicitur
1360 1593 1512 1629 tamen
1541 1588 1663 1641 quod

402 1654 460 1695 ad
494 1667 724 1706 germanae
762 1654 879 1708 ejus,
917 1654 995 1707 qui
1032 1654 1174 1696 Siculi
1208 1654 1329 1707 regis
1366 1666 1553 1707 compar
1586 1667 1664 1696 ex-

404 1720 578 1770 titerat,
606 1721 791 1774 nuptias
823 1721 1074 1774 aspirabat,
1104 1721 1272 1774 quibus
1300 1725 1456 1762 tamen
1483 1720 1661 1774 potitus

402 1798 494 1827 non
536 1791 619 1828 est.
710 1786 917 1828 Tandem
954 1786 1073 1828 idem
1107 1799 1191 1828 rex
1229 1786 1436 1828 Franciae
1474 1787 1540 1828 sic
1574 1786 1664 1828 fre-

403 1856 595 1905 quenter
626 1852 807 1902 illusus,
833 1853 1006 1906 absque
1041 1852 1182 1894 divini
1220 1853 1395 1894 timoris
1422 1852 1495 1894 vel
1520 1852 1665 1894 eccle-

401 1918 576 1959 siastici
596 1918 769 1971 vigoris
789 1918 1045 1968 obstaculo,
1059 1916 1244 1959 ‘ducis'2
1258 1918 1496 1971 cujusdam
1511 1918 1664 1959 Theu—

402 1984 543 2024 tonici
578 1982 743 2024 filiam³
774 1983 910 2024 duxit
943 1996 1149 2034 uxorem,
1178 1995 1279 2024 cum
1315 1983 1466 2036 pellex
1508 1985 1661 2036 potius

401 2048 540 2090 fuisse
581 2047 866 2090 ‘videatur’4
899 2053 945 2090 et
967 2047 1323 2103 ‘superducta'⁵
1348 2049 1494 2103 magis
1525 2063 1660 2103 quam

400 2114 553 2156 ducta.
1162 2128 1165 2130 “

575 2212 736 2254 Iterum
757 2219 1024 2256 convenerunt
1040 2213 1167 2269 Beyes
1185 2212 1247 2255 ad
1264 2213 1486 2256 Proelium.

469 2320 635 2361 Finitis
676 2321 818 2375 igitur
853 2322 1062 2372 induciis,
1102 2335 1203 2363 cum
1241 2322 1380 2363 corda
1410 2335 1568 2375 regum
1603 2323 1659 2364 ad

400 2387 688 2427 concordiam
749 2387 881 2428 facile
940 2388 1131 2429 emolliri
1191 2401 1326 2441 posse
1386 2388 1660 2439 crederetur,

400 2453 551 2493 causis
595 2465 774 2493 rursum
820 2453 1259 2506 ingravescentibus,
1293 2460 1339 2494 et
1382 2467 1554 2504 eorum,
1595 2455 1660 2495 in·

401 2518 603 2570 stig-ante
644 2518 842 2569 diabolo,
883 2520 1114 2562 redivivus
1152 2519 1279 2561 furor
1316 2519 1578 2570 excanduit,
1616 2526 1662 2561 et

449 2646 458 2666 ¹
481 2649 490 2665 ‘
502 2650 685 2688 concepta,'
701 2650 775 2682 MS.
793 2651 917 2682 Lansd.
1097 2650 1110 2668 ⁴
1132 2651 1142 2668 ‘
1156 2651 1356 2692 videbatur,'
1373 2652 1447 2684 MS.
1465 2652 1552 2685 Cott.
1568 2653 1644 2684 Tib.

447 2690 460 2708 '¹
482 2695 632 2726 Omitted
648 2696 681 2726 iu
699 2696 773 2727 MS.
791 2696 876 2728 Coll.
894 2697 989 2728 Arm.

446 2738 460 2758 ³
481 2741 610 2780 Agnes,
625 2742 791 2781 daughter
801 2743 839 2774 of
852 2743 1012 2774 Berthold
1096 2742 1108 2760 ⁵
1134 2744 1145 2760 ‘
1157 2743 1421 2782 superinducta‚’
1436 2743 1509 2774 MS.
1523 2743 1660 2783 Lansd.;

400 2785 476 2824 IV.,
491 2786 595 2817 Duke
613 2787 650 2818 of
663 2788 793 2820 Meran.
1049 2790 1057 2805 ‘
1073 2785 1296 2828 supradicta,'
1312 2789 1386 2820 MS.
1404 2788 1492 2819 Cott.
1509 2789 1583 2821 Tib.
