1866 3186
449 293 676 325 WALTERI
709 293 772 323 DE
803 292 1180 324 HEMINGBURGH.
1357 280 1444 323 207

183 408 428 448 germanus
486 397 775 451 Berengeriae
821 398 995 451 reginae
1047 396 1248 451 Angliae,
1298 402 1446 439 terras
1479 407 1604 468 magny}
1605 407 1642 466 914'

182 464 420 518 utriusque
454 464 700 506 desertoris
729 464 957 512 vastavit;
1007 468 1069 514 et,
1110 464 1271 506 audita
1300 468 1447 506 morte
1474 443 1509 469 ‘⁵’
1552 461 1559 467 ”
1642 458 1650 466 “

176 530 330 582 patris
353 529 459 581 ειιί,1
482 530 784 573 successionis
806 531 958 584 gratia
981 529 1040 571 ad
1065 531 1253 584 propria
1274 543 1450 572 remea-

183 596 265 637 vit.
338 596 444 638 Rex
473 597 612 639 etiam
635 595 894 650 Anglorum
915 596 1073 638 statim
1104 609 1209 638 cum
1241 598 1449 639 exercitu

185 661 434 704 adveniens
468 664 622 706 nobile
645 663 886 705 castellum
920 663 1239 704 Ranconensis
1269 663 1449 704 comitis

185 728 307 781 quod
340 729 508 772 dicitur
540 729 824 785 Taylleburg
853 733 1037 770 matura
1073 729 1303 770 deditione
1334 729 1449 770 obti-

186 795 301 844 nuit,
324 808 526 851 moxque
546 797 768 850 impetum
805 795 853 836 in
871 795 1012 836 alium
1042 794 1321 836 desertorem
1342 807 1450 835 con-

188 867 368 903 vertens
391 862 627 904 civitatem
660 859 1048 914 ‘Engolismam’2
1076 865 1270 902 cruenta
1291 860 1450 902 celeri-

186 931 283 969 tate
304 929 613 982 expugnavit3
638 941 746 981 rege
761 927 1043 969 Francorum
1060 927 1243 970 interim
1266 927 1450 969 mollius

187 998 368 1046 agente.

192 1126 392 1178 Quomodo
417 1126 583 1182 Treuyae
591 1127 724 1182 sactae
742 1131 837 1168 sunt
855 1132 893 1168 ot
917 1125 1212 1168 Tomeamenta
1234 1131 1451 1180 ooepemmt.

257 1228 394 1271 Anno
447 1229 635 1271 Domini
681 1240 898 1272 M.cxcw.
945 1228 1069 1271 circa
1117 1228 1285 1271 festum
1329 1228 1454 1271 beati
1469 1243 1580 1275 Augst.

191 1295 319 1336 Petri
361 1295 418 1337 ad
463 1295 680 1345 Vincula,
737 1300 845 1349 post
892 1295 1062 1337 multos
1107 1295 1350 1337 conflictus
1407 1299 1454 1337 et

190 1373 325 1402 casus
357 1361 527 1411 varios,
568 1361 876 1403 mediantibus
910 1361 1020 1403 viris
1051 1361 1303 1412 honoratis,
1333 1362 1455 1403 inter

190 1440 321 1480 reges
367 1432 543 1480 treugae
593 1427 782 1468 sancitae
835 1431 943 1468 sunt
994 1427 1041 1468 in
1086 1439 1283 1478 annum3
1336 1427 1455 1468 infra
1470 1438 1645 1497 At¹¹¹⁰e¹3f

192 1506 327 1546 quem
358 1493 745 1547 exquirendarum
786 1493 961 1535 ambitu
991 1493 1287 1548 pecuniarum
1316 1493 1455 1535 vehe-
1470 1473 1611 1538 ἓῗιῖᾞξῗ.
1643 1478 1673 1496 ⁰¹

194 1559 391 1601 mentius
434 1559 684 1602 excanduit
716 1559 763 1600 in
802 1559 1010 1601 subditos
1048 1560 1245 1602 avaritia
1289 1560 1458 1615 princi-

194 1638 302 1679 pum
334 1625 442 1666 dum
479 1626 801 1679 cogitaverunt
830 1625 1137 1678 cogitationes
1166 1626 1314 1679 magis
1351 1626 1460 1667 belli

197 1704 335 1745 quam
372 1691 515 1745 pacis,
547 1696 593 1733 et
625 1691 684 1732 ad
713 1691 870 1732 futura
909 1704 958 1732 se
989 1691 1153 1745 proelia
1182 1691 1329 1733 modis
1363 1705 1461 1733 om-

199 1758 332 1799 nibus
372 1761 698 1811 praepararent.
768 1756 927 1798 Omnis
964 1757 1251 1810 indulgentia
1291 1758 1459 1812 princi-

199 1837 307 1877 pum
345 1836 438 1878 qua
480 1828 670 1865 cavetur
706 1823 765 1864 ab
807 1823 931 1864 omni
978 1824 1220 1865 exactione
1263 1823 1460 1865 seculari

198 1890 422 1931 immunes
446 1901 546 1931 esse
568 1889 808 1942 religiosos
839 1889 887 1930 in
919 1888 1005 1930 hac
1037 1890 1333 1943 oppressione
1363 1902 1460 1931 ces-

198 1957 333 1998 savit.
403 1954 527 2009 Regi
561 1955 680 1996 enim
715 1955 924 1996 Franciae
955 1955 1003 1996 in
1038 1956 1134 1997 suis
1167 1954 1462 2010 ‘auspiciis’³

199 2035 332 2064 omne
372 2021 605 2063 hominum
628 2034 774 2075 genus
808 2021 1148 2075 imprecabatur
1182 2020 1322 2064 ‘illi’⁴
1354 2035 1461 2076 pro-

200 2101 347 2142 spera,
391 2094 440 2129 at
477 2099 581 2129 cum
617 2100 646 2128 a
685 2087 891 2141 partibus
933 2087 1137 2129 Orientis
1177 2087 1235 2129 ad
1276 2088 1464 2143 propria

202 2158 464 2203 remeasset,
494 2152 773 2207 implacabili
808 2152 912 2194 odio
954 2153 1077 2206 regis
1117 2152 1376 2207 Anglorum
1416 2154 1464 2195 in

202 2220 349 2261 virum
373 2219 566 2260 alterum
591 2223 795 2260 mutatus
818 2223 904 2268 est,
930 2223 976 2259 et
1007 2219 1208 2260 maxime
1238 2219 1464 2273 religiosis

202 2285 470 2338 clericisque
504 2284 750 2326 admodum
788 2284 944 2338 gravis
982 2285 1212 2339 apparuit,
1246 2285 1312 2326 ita
1342 2285 1465 2339 quod

203 2364 360 2393 omnes
378 2355 589 2404 sumptus
619 2350 726 2391 belli
762 2350 885 2403 quod
906 2363 1010 2392 cum
1030 2363 1139 2405 rege
1158 2351 1348 2404 gerebat
1369 2350 1468 2392 An-

206 2418 386 2471 glorum
421 2418 479 2458 ab
512 2416 717 2458 ecclesiis
741 2417 1122 2469 monasteriisque
1154 2421 1468 2471 extorqueret,

205 2483 455 2525 secundum
495 2482 619 2537 quod
658 2482 777 2523 dixit
818 2483 890 2524 vir
922 2482 1197 2524 venerabilis
1231 2481 1469 2524 ,Iohannes

255 2603 264 2623 ¹
289 2605 421 2636 Sancho
431 2605 494 2637 VI.
506 2604 600 2645 King
612 2604 651 2636 of
658 2604 823 2644 Numi-re,
904 2603 918 2622 ³
938 2604 949 2622 ‘
961 2605 1126 2645 auspiciis
1147 2606 1247 2646 esse,'
1263 2606 1363 2639 MSS.
1380 2606 1467 2640 coll.

206 2651 285 2683 who
308 2651 387 2683 died
412 2660 455 2683 on
477 2650 643 2691 Monday,
661 2651 752 2683 June
769 2653 825 2691 27,
856 2651 950 2683 Arm.
967 2651 1034 2683 and
1050 2651 1137 2684 Cott.
1153 2652 1230 2685 Tib.

209 2700 305 2738 1194,
320 2698 405 2729 after
420 2707 441 2729 a
463 2698 559 2738 reign
574 2697 613 2729 of
629 2697 823 2738 rorty-three

208 2754 320 2784 years.
716 2766 718 2769 v
903 2741 917 2762 ⁴
940 2743 950 2761 ‘
962 2743 1013 2775 illi
1050 2744 1170 2785 prius}
1207 2744 1282 2778 MS.
1322 2745 1468 2786 Σηπιὰς

256 2789 269 2808 ²
290 2791 300 2808 ‘
314 2790 580 2831 Egolissimam,’
593 2790 669 2823 MS.
686 2789 813 2821 Lansd.
857 2789 867 2806 ‘
878 2789 968 2831 sibi‚'
983 2790 1058 2822 MS.
1077 2789 1166 2823 Cott.
1180 2791 1256 2824 Tib.
