1866 3186
458 284 683 315 WALTERI
717 284 779 314 DE
811 283 1188 315 Hammcnuncn.
1374 272 1460 313 125

194 387 448 430 studiosum
469 389 704 439 exhibeas,
727 394 779 430 ut
800 394 845 430 te
865 389 912 430 in
933 388 1168 430 tremendo
1182 387 1360 443 judicio
1379 393 1460 430 tua

195 455 474 496 conscientia
506 469 596 496 non
627 460 828 505 accuset,
859 461 906 496 et
935 455 1035 510 ejus
1066 455 1145 509 qui
1171 467 1263 496 non
1285 454 1462 496 fallitur

195 521 392 562 districti
406 521 578 575 judicis
596 522 896 574 interrogatio
913 534 1006 562 non
1019 518 1333 562 condemnet.''
1368 520 1464 562 Ve-

195 600 295 627 rum
320 600 422 628 cum
452 600 535 628 rex
560 588 657 641 ipse
690 593 818 629 certa
839 593 885 628 et
907 587 1113 629 enormia
1136 587 1268 640 regni
1291 587 1463 640 proprii

197 666 256 694 ex
286 666 372 695 sua
402 654 767 707 peregrinatione
797 653 1001 706 pericula
1034 653 1273 705 allegaret,
1294 659 1341 694 et
1362 653 1464 694 loco

199 731 295 760 suae
334 720 591 773 praesentiae
628 719 685 761 ad
726 719 1082 760 sublevationem
1123 718 1358 759 orientalis
1391 731 1464 759 ec-

201 785 352 826 clesiae
386 786 619 827 decentem
657 785 863 838 pecuniae
900 796 1124 825 summam
1161 784 1464 836 promitteret,

198 851 383 892 tandem
404 850 667 905 patriarcha
696 850 877 891 inanior
903 849 1001 903 spei
1033 862 1170 903 quam
1193 854 1396 899 venerat,
1418 850 1466 890 in

198 915 400 957 Galliam
431 916 667 966 remeavit,
691 921 738 957 et
768 915 1037 957 continuata
1066 915 1187 956 inter
1217 928 1348 968 reges
1372 915 1465 956 dis·

197 982 367 1032 cordia,
389 983 575 1024 tandem
599 982 767 1024 infecto
788 982 975 1035 negotio
999 981 1286 1035 repatriavit.

617 1099 848 1141 Jerusalem
860 1099 1045 1154 perdita.

1505 395 1602 426 Hemy
1616 394 1655 419 11.

1495 428 1529 453 A.
1540 428 1575 453 D.
1589 427 1662 452 118⁶.

269 1175 405 1217 Anno
436 1180 589 1217 autem
613 1176 799 1218 Domini
823 1187 1158 1225 M.ct.xxxvn.‚
1179 1180 1401 1228 regnante
1422 1176 1468 1216 in
1485 1195 1662 1224 A.D.1187.

203 1240 477 1283 Alemannia
518 1242 777 1292 Frederico,
822 1243 869 1283 in
911 1242 1109 1283 Francia
1148 1241 1380 1296 Philippo,
1422 1242 1468 1283 in

203 1307 376 1360 Anglia
407 1308 610 1350 Henrico
639 1308 853 1358 secundo,
877 1308 962 1348 sub
994 1306 1203 1349 Urbano¹
1229 1321 1366 1361 papa,
1390 1309 1470 1362 qui

205 1373 349 1415 Lucio
384 1379 679 1424 successerat,
708 1379 966 1427 aggravata
1000 1379 1072 1415 est
1096 1386 1258 1414 manus
1282 1374 1470 1415 Domini

201 1453 342 1494 super
392 1446 560 1481 terram
607 1440 636 1482 J
641 1440 1073 1494 erosolymitanam:
1133 1439 1297 1480 civitas
1350 1440 1470 1481 enim

205 1511 381 1555 sancta,
407 1506 454 1546 in
497 1520 589 1560 qua
619 1507 882 1548 invocatum
918 1510 988 1547 est
1017 1519 1182 1547 nomen
1220 1505 1407 1547 Domini
1443 1520 1471 1547 a

206 1572 365 1612 diebus
378 1572 595 1626 antiquis,
609 1573 655 1613 in
673 1585 765 1626 qua
780 1585 922 1614 sacrae
936 1572 1187 1626 prophetiae
1201 1571 1470 1623 floruerunt,

208 1638 255 1678 in
279 1649 370 1690 qua
394 1638 714 1692 redemptionis
738 1638 949 1679 humanae
978 1638 1178 1691 insignia
1200 1638 1472 1688 micuerunt,

211 1717 268 1745 ex
294 1717 385 1757 qua
409 1709 697 1745 sacramenta
726 1704 889 1745 salutis
917 1704 966 1744 in
990 1717 1169 1745 omnem
1194 1704 1350 1744 mundi
1370 1704 1471 1745 lati-

211 1770 415 1811 tudinem
436 1770 685 1820 fluxerunt,
706 1770 821 1825 proh
845 1770 974 1811 dolor
991 1768 1026 1810 ἔφ’
1056 1770 1214 1810 incidit
1237 1770 1283 1810 in
1307 1783 1471 1811 manus

213 1836 363 1889 gentis
393 1836 598 1890 prosanae
630 1843 676 1878 et
707 1836 966 1886 immundae,
989 1849 1092 1877 cum
1108 1835 1208 1890 jam
1229 1836 1472 1878 mansisset

212 1903 297 1943 sub
340 1906 568 1956 potestate
609 1902 871 1944 Christiana
909 1902 1041 1943 annis
1078 1913 1327 1952 Lxxxvn„
1369 1915 1472 1956 quae

212 1968 387 2009 scilicet
441 1969 715 2023 imperatore
762 1969 1050 2022 Vespasiano
1098 1973 1144 2009 et
1197 1968 1307 2010 Tito
1364 1982 1472 2010 con-

214 2039 393 2087 quaesta
414 2035 515 2084 fuit,
540 2036 624 2076 sub
646 2040 819 2089 papatu
846 2035 1025 2076 Urbani
1045 2034 1247 2084 secundi,
1269 2039 1315 2076 et
1339 2035 1474 2076 modo

214 2100 374 2141 recidit
394 2101 441 2141 in
461 2113 623 2142 manus
635 2102 892 2143 Turcorum
905 2102 990 2142 sub
1011 2100 1281 2154 pontificatu
1298 2101 1476 2142 Urbani

265 2232 273 2250 ¹
308 2233 435 2264 Lucius
465 2233 536 2265 111.
572 2233 652 2265 died
689 2234 829 2274 Sunday
862 2233 938 2265 Tito
975 2237 1008 2265 et
1038 2234 1249 2274 Vespasiano
1285 2238 1480 2275 conquaesta

216 2279 305 2311 Nov.
321 2282 376 2319 24,
391 2281 494 2318 11853
519 2280 560 2311 he
576 2289 648 2311 was
672 2280 831 2311 succeed-
863 2280 928 2311 fuit
953 2283 987 2311 et
1013 2281 1111 2319 quasi
1137 2281 1309 2321 subversa,
1333 2285 1367 2312 et
1389 2285 1479 2321 post-

216 2325 258 2356 ed
282 2326 327 2365 by
343 2326 459 2357 Urban
485 2325 556 2358 111.
581 2323 735 2367 (Hubert
756 2326 830 2358 Cri·
864 2326 998 2357 modum
1025 2327 1088 2357 sub
1113 2330 1238 2366 papatu
1267 2327 1396 2358 Urbani
1428 2337 1480 2359 se·

216 2372 308 2411 velli,
335 2372 548 2412 Archbishop
573 2372 610 2403 of
630 2372 740 2404 Milan
764 2373 830 2404 and
864 2373 1161 2404 cundiamanibus
1172 2373 1481 2413 Saracenorumper

216 2418 415 2449 cardinales
427 2418 476 2450 St.
488 2416 690 2460 Laui-enee),
702 2419 831 2450 elected
865 2419 980 2450 fideles
1005 2418 1131 2450 Christi
1154 2418 1306 2458 liberata,
1329 2422 1362 2450 et
1384 2420 1483 2459 quasi

216 2474 258 2494 on
274 2464 329 2495 the
345 2464 423 2495 25th
434 2464 472 2495 os
486 2465 584 2504 Nov.,
597 2465 663 2495 and
676 2465 832 2496 crowned
866 2468 989 2496 extunc
1015 2474 1075 2504 per
1102 2474 1206 2496 annos
1231 2465 1394 2504 plurimos
1418 2466 1482 2497 sub

217 2510 272 2541 the
288 2512 339 2541 lst
355 2510 393 2541 of
407 2510 492 2542 Dec.
510 2510 692 2551 following.
868 2514 1031 2551 potestate
1064 2510 1256 2542 Christiana
1293 2512 1483 2550 mansisset,

261 2556 275 2574 ²
289 2556 359 2587 The
369 2556 541 2597 following
554 2557 637 2588 from
655 2557 835 2596 Brompton
869 2556 966 2587 modo
976 2556 1039 2588 sub
1051 2557 1244 2596 pontificatu
1257 2557 1386 2589 Urbani
1395 2559 1484 2589 tertii

215 2602 287 2633 will
297 2603 463 2634 elucidate
472 2602 707 2643 thispassage:
724 2603 745 2621 “
754 2603 836 2643 proh
869 2603 903 2633 in
926 2612 1044 2634 manus
1065 2603 1250 2635 Turcorum
1273 2605 1396 2635 cecidit
1418 2614 1487 2636 ma·

217 2649 330 2680 dolor!
355 2649 389 2679 in
405 2658 523 2680 manus
535 2649 644 2689 gentis
654 2649 835 2689 prophanae
870 2649 1073 2689 lignorum.'’
1097 2648 1220 2682 chron.
1236 2650 1272 2682 J.
1291 2650 1487 2691 Brompton‚

215 2695 334 2726 incidit
357 2698 390 2726 et
420 2695 621 2734 immundae3
645 2705 721 2735 quae
748 2696 838 2727 circa
873 2695 965 2726 Hist.
1007 2695 1095 2735 Aug.
1135 2695 1257 2736 Script.
1300 2698 1395 2737 1146,
1431 2697 1486 2730 ed.

217 2745 366 2780 tempora
385 2744 531 2781 papatus
550 2742 679 2773 Urbani
696 2741 793 2782 primi
817 2751 837 2773 a
870 2741 1052 2780 Twysden.
