1866 3186
197 388 329 420 Stephen.

182 422 215 446 Α.
231 422 263 446 D.
275 422 349 446 1144.

171 2344 295 2375 Stephon
313 2345 358 2369 be-

173 2377 263 2407 sieges
278 2378 326 2401 the

176 2410 240 2434 Earl
253 2410 284 2434 os
291 2410 375 2435 Ches-

175 2445 217 2466 ter
229 2442 257 2466 in
272 2443 334 2467 Lin-

176 2475 236 2499 ooln
250 2475 350 2500 Castle.

377 265 436 307 68
874 279 1151 311 (1111101110οΝ

383 382 431 421 in
467 380 660 422 ecclesia
694 380 749 421 de
781 380 1010 422 Coventre
1040 380 1226 434 quidam
1264 390 1507 432 perversus
1544 377 1641 419 Ro-

385 446 541 488 bertus
557 449 570 468 ‘
586 445 848 495 Marmion‚'
860 444 873 466 ¹
895 445 967 486 vir
980 445 1225 486 bellicosus
1245 450 1291 486 et
1311 449 1539 492 strenuus,
1564 443 1643 496 qui

385 512 504 552 inter
522 523 709 552 suorum
729 523 898 552 cuneos
922 523 1075 552 coram
1095 511 1196 564 ipso
1219 510 1496 551 monasterio
1517 508 1643 549 solus

386 576 653 625 interfectus
675 580 760 626 est,
786 581 833 617 et
859 576 1280 617 excommunicatus
1299 575 1501 622 interiit;
1534 574 1641 614 dum

388 647 542 683 autem
597 642 792 683 ecclesia
832 641 913 682 illa
958 654 1041 694 pro
1081 640 1270 681 castello
1324 644 1569 688 teneretur,
1615 651 1644 680 a

387 707 637 760 parietibus
661 707 864 748 ecclesiae
895 711 941 747 et
972 706 1160 748 claustri
1182 705 1434 760 adJacentis
1458 704 1644 757 sanguis

389 772 611 822 ebullivit,
636 772 757 826 quod
794 772 926 812 multi
948 771 1173 820 viderunt,
1204 776 1250 812 et
1279 771 1366 812 hoc
1398 783 1448 812 se
1478 769 1644 811 vidisse

388 842 585 878 testatur
614 838 660 878 in
692 837 918 878 chronicis
953 837 1048 878 suis
1070 836 1300 878 Henricus
1328 836 1384 876 de
1407 835 1644 887 Hunting-

388 903 536 945 done:
577 903 685 956 quia
719 903 858 955 igitur
881 903 1075 956 improbi
1105 902 1172 942 illi
1208 902 1357 943 Deum
1387 901 1518 954 quasi
1539 900 1643 942 dor—

389 969 501 1009 mire
521 968 749 1017 dicebant,
771 969 1000 1009 excitatus
1025 973 1095 1009 est
1111 967 1253 1016 Deus,
1274 972 1320 1008 et
1339 967 1386 1007 in
1408 966 1492 1007 hoc
1512 967 1646 1019 signo

390 1038 437 1074 et
467 1035 515 1074 in
536 1033 811 1085 significato.
883 1033 1105 1086 Princeps
1136 1033 1255 1074 enim
1290 1032 1492 1085 peditum
1529 1044 1644 1085 prae-

389 1098 500 1139 dicti
528 1097 741 1139 Gaufridi
769 1098 951 1139 nomine
979 1099 1235 1151 Reynerus,
1276 1097 1408 1151 cujus
1450 1096 1645 1138 officium

390 1163 542 1204 fuerat
564 1164 780 1204 ecclesias
800 1163 1013 1216 frangere
1034 1163 1108 1206 vel
1135 1163 1389 1213 incendere,
1410 1163 1517 1204 dum
1543 1167 1648 1216 post

390 1234 583 1270 mortem
616 1229 796 1270 *domini
840 1230 911 1270 sui
954 1242 1058 1271 cum
1100 1242 1247 1270 uxore
1278 1241 1362 1269 sua
1405 1233 1451 1270 et
1490 1228 1647 1282 praeda

391 1295 538 1336 multa
578 1307 703 1336 mare
741 1295 936 1336 transire
983 1295 1134 1345 vellet,
1175 1299 1418 1347 essentque
1460 1295 1507 1335 in
1553 1294 1647 1335 alto

392 1361 523 1409 mari,
544 1373 653 1401 mox
684 1360 851 1401 ibidem
874 1360 1004 1402 affuit
1033 1361 1204 1413 digitus
1225 1360 1338 1407 Dei;
1374 1360 1505 1400 navis
1526 1360 1645 1400 enim

391 1426 440 1466 in
468 1438 560 1478 qua
589 1425 872 1467 vehebantur
902 1426 1144 1467 immobilis
1179 1425 1301 1466 facta
1325 1430 1409 1474 est,
1431 1426 1647 1478 stetitque

393 1491 525 1543 quasi
557 1496 776 1532 caemento
806 1491 970 1540 infixa;
1004 1491 1125 1544 quod
1162 1495 1413 1532 monstrum
1443 1490 1648 1532 videntes

391 1560 544 1597 nautae
579 1557 843 1606 timuerunt,
874 1562 921 1598 et
954 1566 1077 1598 sorte
1111 1557 1220 1598 data
1258 1557 1321 1597 rei
1357 1569 1542 1598 eausam
1581 1556 1648 1596 in-

391 1622 604 1674 quirunt3
652 1622 906 1675 ceciditque
935 1635 1034 1663 sors
1068 1635 1206 1675 super
1240 1622 1518 1675 Reynerum,
1557 1634 1648 1675 quo

391 1687 743 1737 contradicente,
764 1688 929 1728 iterum
961 1688 1162 1729 secundo
1194 1692 1239 1728 et
1266 1688 1399 1729 tertio
1432 1700 1532 1728 sors
1566 1700 1648 1740 ap-

390 1752 563 1805 plicata
593 1752 775 1794 devenit
802 1753 848 1793 in
879 1766 999 1803 eum,
1020 1754 1286 1807 positusque
1314 1758 1385 1794 est
1408 1754 1454 1793 in
1477 1753 1648 1806 scapha

390 1830 495 1858 cum
533 1831 693 1867 uxore,
733 1823 779 1859 et
815 1820 1010 1871 pecunia
1051 1819 1371 1860 scelestissime
1404 1819 1648 1871 adquisita,

391 1889 438 1924 et
473 1883 627 1924 statim
666 1884 767 1935 ipsa
801 1884 931 1925 navis
965 1889 1017 1925 ut
1049 1885 1175 1937 prius
1207 1896 1343 1924 cursu
1363 1884 1648 1925 velocissimo

391 1948 585 2000 pelagus
617 1947 792 1989 ‘sulcat
807 1946 858 1988 2'2
894 1949 1066 2001 scapha
1088 1962 1196 1989 vero
1217 1962 1320 1989 cum
1343 1948 1433 1989 illis
1463 1949 1647 2002 nequis·

390 2013 517 2053 simis
556 2013 708 2054 subita
745 2013 964 2066 voragine
999 2013 1310 2055 circumducta
1349 2015 1396 2055 in
1430 2019 1648 2056 aeternum

391 2078 610 2131 absorpta
633 2082 716 2118 est.

594 2227 790 2281 Operarii
811 2227 935 2282 Reyis
953 2228 1075 2269 occisi
1093 2233 1188 2269 sunt
1210 2227 1447 2269 Linoolniae.

462 2338 599 2380 Nono
634 2352 752 2380 anno
787 2341 917 2392 regni
951 2341 1022 2380 sui
1057 2353 1135 2381 rex
1174 2340 1433 2393 Stephanus
1474 2340 1651 2381 obsedit

397 2403 708 2446 Lincolniam:
742 2418 894 2446 comes
925 2405 1044 2445 enim
1077 2405 1330 2446 Cestrensis
1365 2406 1512 2446 tenuit
1550 2417 1649 2446 cas-

394 2468 551 2509 tellum
592 2483 695 2510 cum
735 2470 869 2517 villa3
928 2483 1008 2510 rex
1050 2483 1159 2512 vero
1200 2484 1302 2511 cum
1353 2471 1645 2511 munitionem

394 2539 554 2575 contra
605 2534 842 2576 castellum
896 2540 1158 2577 construere
1200 2536 1351 2585 vellet,
1393 2535 1651 2587 multosque

396 2598 584 2640 haberet
620 2600 786 2641 ibidem
824 2601 1073 2653 operarios,
1111 2602 1282 2653 egressi
1318 2606 1425 2641 sunt
1458 2601 1651 2640 latenter

441 2743 450 2763 ¹
474 2745 484 2762 ‘
498 2746 700 2785 Marimam,'
716 2746 791 2778 MS.
809 2745 895 2778 Coll.
912 2746 1005 2778 Arm.
1100 2743 1115 2765 ²
1130 2744 1370 2785 .‘pertransiit‚’
1388 2745 1461 2778 MS.
1480 2745 1602 2777 Lansd.
