1866 3186
426 255 512 297 134
905 263 1192 294 canor-neon

239 380 335 411 Hem-y
349 380 390 405 11.
430 371 609 416 nerunt,
653 379 735 406 rex
776 365 957 418 quidem
994 364 1249 419 Anglorum
1295 363 1525 418 querelam
1564 363 1687 415 rupti

230 415 262 439 ‘⁴'
275 413 308 438 θ’
324 413 396 438 ”⁸⁹⁸
431 432 614 475 foederis
642 436 688 473 et
707 430 849 472 illatae
869 430 955 471 sibi
973 430 1151 484 injuriae
1171 430 1419 483 positurus,
1450 433 1461 450 ‘
1477 441 1559 469 rex
1578 440 1686 469 vero

433 499 714 540 Francorum
733 501 952 549 tanquam
972 495 1028 537 de
1047 495 1118 536 his
1137 496 1360 537 rationem
1371 493 1658 536 redditurus?
1674 492 1686 514 ¹

433 563 499 606 At
527 564 612 604 sub
642 562 727 604 hac
750 561 916 603 fiducia
934 561 1216 602 rectitudinis
1238 561 1504 616 mysterium
1527 572 1686 613 opera-

435 630 572 671 batur
600 628 880 682 iniquitatis:
929 626 1156 669 Ricardus
1195 626 1313 667 enim
1344 638 1495 667 comes
1534 625 1687 667 Picta-

435 694 587 736 vensis
624 699 669 736 et
702 693 823 747 regis
857 691 1114 746 Anglorum
1143 691 1278 742 filius,
1313 690 1605 740 Francom,
1637 695 1690 732 ut

434 760 647 809 creditur,
668 759 839 800 astutia
861 759 1120 800 abstractus
1149 762 1288 811 atque
1312 757 1506 806 illectus,
1526 757 1573 798 in
1591 757 1691 810 ipso

221 838 345 864 menard
434 825 624 867 solemni
665 837 825 877 regum
864 824 1090 877 colloquio
1138 837 1166 865 a
1204 828 1334 877 patre
1380 822 1591 864 deficiens
1633 821 1691 863 ad

219 872 301 897 takes
313 877 351 902 up

220 911 295 943 azms
307 903 418 934 against
434 896 588 945 partes
610 890 823 932 transivit
842 888 1062 931 hostiles.²
1121 889 1226 941 Quo
1246 902 1356 931 casu
1377 892 1692 930 consternatus

220 939 265 962 ¹¹¹⁸
277 937 379 962 ‘amer'
434 961 579 1011 pater,
601 969 704 998 cum
724 968 876 998 causae
895 955 1119 997 malorum
1138 955 1518 1008 ingravescerent,
1541 955 1693 996 verbis

435 1022 636 1076 pacificis
659 1034 762 1062 cum
779 1021 850 1062 his
871 1021 950 1074 qui
970 1021 1163 1062 oderunt
1180 1033 1354 1074 pacem,
1375 1033 1479 1062 aere
1499 1020 1693 1061 inaniter

435 1088 691 1136 verberato,
715 1086 949 1138 discessit;
979 1087 1183 1127 nesciens
1205 1086 1384 1140 penitus
1415 1086 1490 1127 cui
1519 1098 1569 1126 se
1596 1098 1692 1126 cre-

436 1153 578 1203 deret,
621 1165 724 1193 cum
764 1157 860 1193 tam
898 1151 1130 1193 infilialem
1163 1151 1262 1206 jam
1294 1152 1435 1192 filium
1475 1158 1692 1205 expertus

437 1223 583 1267 esset;
616 1218 737 1259 illico
770 1217 939 1259 bellum
960 1219 1172 1271 utrinque
1201 1218 1455 1267 instruitur,
1485 1217 1564 1258 sed
1587 1217 1692 1258 viri-

435 1286 522 1326 bus
552 1284 802 1337 animisque
832 1283 1115 1337 disparibus:
1147 1283 1266 1324 idem
1302 1284 1420 1324 enim
1450 1282 1692 1332 Ricardus,

437 1363 572 1403 quem
603 1354 735 1403 pater
767 1349 955 1391 ducatui
985 1347 1261 1402 Aquitanico
1299 1349 1578 1402 praefecerat,
1612 1361 1694 1402 pa-

438 1421 611 1457 rentem
643 1415 728 1456 sibi
757 1415 965 1456 militiam
996 1415 1053 1455 ad
1080 1420 1234 1468 partes
1261 1415 1382 1468 regis
1416 1414 1694 1455 Francorum

439 1481 665 1530 traduxit3
699 1480 880 1534 plurimi
895 1493 1077 1534 quoque
1093 1479 1384 1535 ‘potentum'³
1399 1480 1694 1521 Normanniae

440 1552 487 1589 et
510 1546 792 1600 Andegaviae
813 1551 860 1588 et
882 1546 1149 1596 Britanniae,
1166 1547 1254 1588 fide
1275 1545 1532 1596 exsufflata,
1552 1546 1697 1586 mani-

437 1613 552 1655 feste
580 1613 680 1667 jam
712 1625 741 1653 a
773 1617 904 1666 patre
939 1612 1200 1654 deficientes
1238 1613 1294 1654 ad
1326 1612 1484 1662 filium,
1518 1613 1566 1653 in
1598 1611 1698 1666 ejus

439 1679 634 1732 gratiam
664 1678 945 1720 Francorum
971 1683 1201 1720 auxerunt
1230 1679 1495 1721 exercitum.
1565 1678 1700 1720 Unde
1751 1716 1756 1723 ,

438 1745 611 1787 factum
633 1749 703 1786 est
722 1750 774 1786 ut
794 1745 891 1798 regi
914 1743 1172 1798 Anglorum
1196 1749 1363 1798 praeter
1381 1744 1699 1798 stipendiarios

439 1811 619 1864 parcior
644 1811 772 1852 fieret
807 1823 1038 1861 numerus,
1063 1816 1108 1852 et
1139 1811 1216 1852 ille
1249 1811 1430 1864 quidem
1455 1811 1699 1851 mutabun-

439 1877 540 1918 dus.
612 1876 778 1930 Itaque
807 1889 890 1917 rex
921 1876 1200 1917 Francorum
1227 1889 1331 1917 cum
1351 1877 1517 1917 comite
1546 1876 1699 1917 Picta-

441 1942 571 1983 vensi
605 1947 651 1982 et
681 1941 867 1982 infinitis
903 1942 1045 1995 copiis
1080 1947 1247 1983 terram
1284 1942 1405 1994 regis
1440 1941 1698 1993 Anglorum

229 2022 289 2047 The
301 2020 358 2052 ειη
443 2007 568 2048 nullo
603 2007 853 2049 obsistente
882 2006 1151 2060 ingressus,4
1172 2007 1227 2048 ad
1263 2007 1420 2048 urbem
1445 2006 1702 2061 Cynoman-

228 2055 363 2119 ἓξέἶιῗὲῗι
372 2087 408 2118 by
443 2086 611 2123 ensem,
632 2073 711 2114 ubi
730 2073 850 2114 idem
870 2086 952 2114 rex
974 2086 1077 2114 cum
1095 2086 1179 2114 suo
1200 2073 1404 2114 exercitu
1424 2073 1704 2121 morabatur,

229 2122 279 2147 ¹¹¹⁶
291 2119 410 2146 menen.
442 2139 682 2193 pertendit.
729 2138 835 2189 Quo
850 2138 927 2180 ille
944 2140 1144 2192 cognito,
1165 2142 1178 2160 ‘
1196 2137 1332 2180 cum'³
1345 2138 1403 2179 ad
1419 2137 1701 2180 subeundum

442 2205 549 2246 belli
582 2205 822 2247 discrimen
851 2218 901 2245 se
931 2204 1064 2258 longe
1093 2205 1312 2258 imparem
1343 2202 1626 2254 ‘cerneret‚’⁵
1657 2209 1702 2245 et

443 2271 640 2313 obsideri
689 2272 746 2312 ab
796 2270 1002 2313 hostibus
1045 2270 1321 2320 formidaret,
1357 2270 1544 2311 incensa
1591 2270 1702 2310 urbe

490 2386 501 2406 ¹
525 2387 674 2419 Omitted
690 2388 725 2418 in
740 2387 817 2419 MS.
835 2387 960 2419 Lansd.
1137 2386 1149 2405 ⁴
1173 2386 1365 2417 Hostilities
1388 2385 1598 2417 commenced
1613 2394 1702 2424 upon

489 2431 503 2450 ²
523 2434 605 2465 This
635 2444 711 2465 new
742 2433 930 2464 dissension
959 2442 1054 2464 arose
1088 2432 1144 2464 the
1160 2433 1346 2471 expiration
1361 2432 1399 2463 os
1405 2431 1461 2462 the
1472 2435 1577 2471 truce,
1591 2430 1702 2462 which

443 2490 486 2511 on
502 2480 650 2519 Henry's
673 2480 819 2520 denying
840 2479 895 2510 the
921 2482 1056 2518 request
1088 2479 1286 2510 terminated
1312 2488 1354 2509 on
1389 2478 1446 2509 the
1480 2478 1567 2509 feast
1590 2477 1628 2508 of
1652 2477 1700 2507 St.

443 2525 481 2556 of
493 2526 652 2566 menard,
666 2526 739 2557 that
752 2526 793 2557 he
806 2525 911 2565 might
925 2526 966 2556 be
982 2534 1056 2564 pro·
1090 2525 1225 2564 Hilary,
1241 2526 1337 2556 1189.
1369 2521 1454 2563 Rog.
1471 2523 1512 2555 de
1527 2523 1702 2562 Hoveden,

445 2572 588 2603 claimed
603 2572 656 2603 his
677 2581 849 2603 successor
868 2575 902 2602 to
917 2571 973 2602 the
990 2571 1055 2601 En·
1090 2572 1167 2603 Rer.
1189 2571 1278 2611 Aug.
1308 2570 1429 2608 Script.
1456 2572 1537 2607 6523
1561 2568 1701 2600 Gervas.

445 2618 533 2657 glish
545 2618 671 2650 throne.
711 2618 916 2649 Benedictus
928 2617 1057 2657 Abbas,
1091 2617 1246 2649 Canterb.
1291 2615 1427 2656 Chi-on„
1472 2615 1563 2647 Hist.
1610 2614 1700 2653 Aug.

445 2664 480 2695 ii.
497 2666 573 2696 541.
1091 2664 1212 2703 script.
1231 2663 1327 2693 1539.

490 2708 503 2726 ³
526 2709 675 2740 Omitted
692 2709 725 2739 in
742 2709 841 2741 MSS.
857 2709 943 2742 coll.
961 2709 1056 2741 Arm.

445 2755 510 2785 and
527 2755 616 2786 Cott.
631 2755 706 2786 Tib.
1138 2753 1151 2770 ⁵
1175 2755 1184 2771 ‘
1196 2749 1353 2790 terreret‚’
1370 2751 1443 2782 MS.
1461 2751 1547 2783 (3011.
1561 2752 1654 2783 Arm.
