1866 3186
485 267 707 298 wALTEm
742 269 802 299 DE
835 269 1210 301 HEMINGBURGH.
1377 260 1464 303 269

205 377 361 412 noster
380 371 613 413 mittemus
635 373 967 427 ‘justitiarios'¹
994 387 1075 428 per
1094 387 1465 429 unumquemque
1501 385 1670 443 ffegrylgg

205 437 472 478 comitatum
526 438 666 479 semel
715 439 760 479 in
800 452 935 490 anno,
974 440 1052 493 qui
1093 453 1196 482 cum
1249 442 1467 483 militibus
1485 435 1591 506 Mmg
1665 435 1671 443 '

206 503 503 544 comitatuum
537 505 720 557 capiant
745 505 793 545 in
824 506 1116 547 comitatibus
1153 507 1322 548 assisas
1350 520 1466 561 prae-
1484 508 1596 533 ebwa-

206 567 380 618 dictas;
415 573 460 610 et
488 568 608 611 ‘ea'2
637 583 740 623 quae
766 571 812 612 in
841 571 920 612 illo
944 571 1146 613 adventu
1173 585 1257 613 suo
1285 573 1332 614 in
1360 577 1373 595 ‘
1390 586 1466 614 co-

163 641 187 677 5
207 633 412 675 mitatu'³
444 648 525 688 per
561 635 899 690 ‘justitiarios'4
932 638 1177 691 praedictos
1224 638 1281 679 ad
1319 639 1466 680 dictas

207 700 377 741 assisas
405 701 651 755 capiendas
679 702 841 743 missos
868 703 1101 743 terminari
1132 717 1223 744 non
1258 709 1467 756 possunt,

206 779 287 819 per
307 766 487 808 eosdem
511 767 810 808 terminentur
829 767 938 809 alibi
956 768 1004 808 in
1030 768 1192 809 itinere
1216 781 1316 819 suo,
1344 773 1391 810 et
1414 782 1470 810 ea

207 844 310 884 quae
331 845 412 885 per
441 832 623 874 eosdem
648 838 836 886 propter
863 832 1177 875 difficultatem
1210 834 1469 888 aliquorum

207 898 505 938 articulorum
526 899 759 940 terminari
779 912 869 940 non
897 904 1106 953 possunt,
1130 900 1387 942 referantur
1410 901 1469 959 ad

142 965 189 1002 10
201 963 478 1017 justitiarios
510 969 692 1006 nostros
719 965 775 1006 de
799 966 962 1015 banco,
986 971 1032 1007 et
1062 966 1125 1007 ibi
1152 966 1468 1008 terminentur.

207 1028 381 1070 Assisae
402 1030 457 1071 de
478 1029 640 1072 ultima
659 1032 1012 1084 praesentatione
1035 1044 1213 1084 semper
1230 1033 1471 1086 capiantur

208 1108 363 1136 coram
378 1095 643 1149 justitiariis
671 1094 912 1138 ‘nostris’⁵
937 1097 994 1138 de
1024 1098 1185 1147 banco,
1214 1103 1260 1139 et
1286 1098 1350 1139 ibi
1378 1102 1471 1139 ter-

208 1161 453 1203 minentur.
524 1161 661 1203 Liber
680 1162 816 1204 homo
833 1176 923 1204 non
944 1164 1213 1204 amercietur
1230 1177 1312 1217 pro
1325 1177 1470 1218 parvo

209 1226 375 1268 delicto
397 1231 410 1249 ‘
425 1227 527 1268 sed'
541 1222 559 1249 ⁶
579 1228 827 1269 secundum
858 1229 1041 1270 modum
1066 1229 1211 1282 ipsius
1233 1229 1403 1277 delicti,
1425 1235 1472 1272 et

142 1293 190 1330 15
210 1305 292 1345 pro
316 1306 485 1345 magno
516 1293 698 1343 delicto,
726 1295 975 1336 secundum
1003 1295 1364 1347 magnitudinem
1393 1296 1471 1338 de—

208 1358 319 1407 licti,
333 1359 463 1400 salvo
485 1364 830 1402 contenemento
856 1373 966 1413 suo;
1001 1366 1047 1402 et
1068 1366 1295 1403 mercator
1315 1362 1472 1403 eodem

210 1424 361 1474 modo,
382 1425 514 1466 salva
538 1426 822 1468 mercandisa
850 1439 962 1475 sua;
996 1432 1042 1468 et
1063 1426 1261 1468 villanus
1284 1427 1472 1468 alterius

211 1503 348 1543 quam
397 1498 552 1532 noster
601 1492 760 1533 eodem
818 1493 952 1534 modo
1005 1493 1292 1543 amercietur,
1343 1494 1473 1535 salvo

215 1560 227 1577 ‘
249 1550 528 1609 wainagio'⁷
566 1570 666 1607 suo,
707 1559 747 1598 si
788 1558 998 1600 inciderit
1035 1559 1082 1599 in
1115 1559 1473 1601 misericordiam

145 1625 195 1662 20
215 1627 431 1664 nostram.
522 1623 583 1664 Et
619 1623 746 1665 nulla
781 1624 1102 1677 praedictarum
1142 1625 1472 1666 misericordia-

215 1702 314 1729 rum
339 1693 552 1742 ponatur,
575 1689 663 1729 nisi
692 1703 773 1742 per
801 1694 1136 1731 sacramentum
1159 1691 1406 1743 proborum
1429 1695 1476 1731 et

214 1754 428 1807 legalium
445 1754 678 1796 hominum
700 1755 755 1796 de
773 1755 978 1797 visneto:
1004 1756 1192 1797 comites
1214 1760 1260 1797 et
1280 1756 1475 1798 barones

215 1833 307 1861 non
335 1821 637 1862 amercientur
667 1822 754 1862 nisi
780 1834 862 1875 per
887 1834 1022 1875 pares
1047 1834 1172 1871 suos,
1193 1826 1240 1863 et
1271 1835 1360 1863 non
1390 1822 1477 1863 nisi

215 1887 463 1928 secundum
502 1887 684 1928 modum
728 1887 895 1928 delicti.
981 1887 1128 1929 Nulla
1167 1887 1478 1930 ecclesiastica

144 1957 195 1993 25
213 1965 408 2007 persona
436 1953 707 1994 amercietur
732 1953 980 1994 secundum
1011 1953 1315 2006 quantitatem
1340 1954 1477 1995 bene-

214 2019 304 2059 ficii
324 2019 395 2059 sui
424 2019 739 2069 ecclesiastici,
767 2019 850 2060 sed
877 2019 1127 2060 secundum
1162 2019 1331 2060 laicum
1350 2024 1476 2061 tene-

215 2089 418 2125 mentum
446 2097 579 2125 suum
612 2089 659 2125 et
690 2084 936 2125 secundum
968 2085 1277 2138 quantitatem
1307 2085 1476 2127 delicti.

217 2150 318 2192 Nec
341 2150 452 2190 villa
471 2162 555 2191 nec
576 2153 589 2171 ‘
604 2149 754 2190 homo'
767 2148 783 2170 ⁸
803 2149 1108 2203 distringatur
1131 2150 1282 2191 facere
1312 2155 1476 2204 pontes

216 2216 274 2257 ad
295 2216 487 2269 riparias
509 2215 595 2256 nisi
615 2215 693 2268 qui
715 2219 727 2237 ‘
743 2213 845 2256 ex'9
865 2215 1054 2268 antiquo
1071 2220 1117 2257 et
1130 2215 1186 2256 de
1201 2215 1308 2270 jure
1329 2216 1478 2257 facere

147 2288 197 2326 30
215 2286 227 2304 ‘
245 2282 393 2323 debet.
466 2281 610 2322 Nulla
645 2281 817 2334 riparia
847 2280 902 2321 de
931 2285 1098 2322 caetero
1132 2280 1480 2328 defendatur,’¹⁰

215 2348 302 2389 nisi
339 2347 430 2388 illae
467 2360 570 2400 quae
605 2346 789 2388 fuerunt
815 2347 860 2387 in
901 2346 1086 2388 defenso
1122 2351 1326 2400 tempore
1358 2346 1479 2399 regis

264 2526 272 2544 ¹
296 2526 515 2566 ‘justitiarios
530 2527 670 2557 nostros.
914 2521 927 2541 ⁷
948 2519 1145 2563 ‘wanagim’

264 2571 276 2589 ²
299 2573 308 2590 ⁴
323 2571 406 2604 illa!
913 2583 925 2602 ⁸
949 2585 1055 2617 ‘liber
1070 2585 1192 2616 homo!

262 2618 276 2637 ³
300 2617 522 2650 ‘comitatus.’
911 2645 925 2665 ⁹
947 2647 956 2665 ι
1025 2647 1034 2661 ‚

264 2664 276 2682 ⁴
299 2664 518 2705 ‘justitiarios
533 2661 685 2694 nostros.’
968 2647 1021 2679 ab·
1291 2704 1297 2710 ·
1367 2703 1374 2710 .

264 2711 276 2729 ·”
299 2710 461 2743 Omitted.
899 2703 923 2724 ¹⁰
945 2705 954 2722 ι
966 2705 1100 2737 debent.
1140 2704 1255 2735 Nuuae
1272 2713 1408 2744 ripariae
1425 2703 1482 2734 de-

265 2756 278 2776 6
301 2758 310 2775 ‘
323 2756 414 2789 nisi?
867 2751 1044 2783 fendantur
1058 2751 1100 2782 de
1116 2750 1248 2782 cetero.'
