<?xml version="1.0" encoding="UTF-8"?>
<!DOCTYPE html PUBLIC "-//W3C//DTD XHTML 1.0 Transitional//EN"
    "http://www.w3.org/TR/xhtml1/DTD/xhtml1-transitional.dtd">
<html xmlns="http://www.w3.org/1999/xhtml" xml:lang="en" lang="en">
 <head>
  <title>
</title>
<meta http-equiv="Content-Type" content="text/html;charset=utf-8" />
  <meta name='ocr-system' content='tesseract 3.04.00' />
  <meta name='ocr-capabilities' content='ocr_page ocr_carea ocr_par ocr_line ocrx_word'/>
</head>
<body>
  <div class='ocr_page' id='page_1' title='image "./chronicondominiw01hemiuoft_0242.png"; bbox 0 0 1866 3186; ppageno 0'>
   <div class='ocr_carea' id='block_1_1' title="bbox 411 278 1175 320">
    <p class='ocr_par' dir='ltr' id='par_1_1' title="bbox 411 278 1175 320">
     <span class='ocr_line' id='line_1_1' title="bbox 411 278 1175 320; baseline 0 0"><span class='ocrx_word' id='word_1_1' title='bbox 411 278 498 320; x_wconf 74' lang='lat'>220</span> <span class='ocrx_word' id='word_1_2' title='bbox 899 289 959 319; x_wconf 77' lang='lat' dir='ltr'>cn</span> <span class='ocrx_word' id='word_1_3' title='bbox 967 289 1175 320; x_wconf 68' lang='lat' dir='ltr'>Romcon</span> 
     </span>
    </p>
   </div>
   <div class='ocr_carea' id='block_1_2' title="bbox 214 403 380 462">
    <p class='ocr_par' dir='ltr' id='par_1_2' title="bbox 214 403 380 462">
     <span class='ocr_line' id='line_1_2' title="bbox 218 403 379 429; baseline 0.006 -1"><span class='ocrx_word' id='word_1_4' title='bbox 218 403 340 429; x_wconf 74' lang='lat' dir='ltr'>Richard</span> <span class='ocrx_word' id='word_1_5' title='bbox 355 403 379 429; x_wconf 90' lang='lat'>1.</span> 
     </span>
     <span class='ocr_line' id='line_1_3' title="bbox 214 437 380 462; baseline 0.006 -1"><span class='ocrx_word' id='word_1_6' title='bbox 214 437 247 461; x_wconf 79' lang='lat' dir='ltr'>A.</span> <span class='ocrx_word' id='word_1_7' title='bbox 258 437 292 461; x_wconf 94' lang='lat' dir='ltr'>D.</span> <span class='ocrx_word' id='word_1_8' title='bbox 304 437 380 462; x_wconf 77' lang='lat'>1195.</span> 
     </span>
    </p>
   </div>
   <div class='ocr_carea' id='block_1_3' title="bbox 194 472 388 477">
    <p class='ocr_par' dir='ltr' id='par_1_3' title="bbox 194 472 388 477">
     <span class='ocr_line' id='line_1_4' title="bbox 194 472 388 477; baseline 0 0"><span class='ocrx_word' id='word_1_9' title='bbox 194 472 388 477; x_wconf 95' lang='lat' dir='ltr'> </span> 
     </span>
    </p>
   </div>
   <div class='ocr_carea' id='block_1_4' title="bbox 442 473 1659 582">
    <p class='ocr_par' dir='ltr' id='par_1_4' title="bbox 442 473 1659 582">
     <span class='ocr_line' id='line_1_5' title="bbox 442 473 1659 531; baseline -0.002 -13"><span class='ocrx_word' id='word_1_10' title='bbox 442 477 532 518; x_wconf 68' lang='lat' dir='ltr'>Rem</span> <span class='ocrx_word' id='word_1_11' title='bbox 554 475 769 517; x_wconf 73' lang='lat' dir='ltr'>Ricardus</span> <span class='ocrx_word' id='word_1_12' title='bbox 789 474 939 530; x_wconf 74' lang='lat' dir='ltr'>recepit</span> <span class='ocrx_word' id='word_1_13' title='bbox 965 473 1129 516; x_wconf 74' lang='lat' dir='ltr'>Obsides</span> <span class='ocrx_word' id='word_1_14' title='bbox 1147 488 1238 516; x_wconf 78' lang='lat' dir='ltr'>suos</span> <span class='ocrx_word' id='word_1_15' title='bbox 1256 473 1307 516; x_wconf 78' lang='lat' dir='ltr'>ab</span> <span class='ocrx_word' id='word_1_16' title='bbox 1330 475 1600 531; x_wconf 79' lang='lat' dir='ltr'><em>Imperatore,</em></span> <span class='ocrx_word' id='word_1_17' title='bbox 1622 479 1659 515; x_wconf 75' lang='lat' dir='ltr'>et</span> 
     </span>
     <span class='ocr_line' id='line_1_6' title="bbox 761 538 1343 582; baseline -0.002 0"><span class='ocrx_word' id='word_1_18' title='bbox 761 541 891 582; x_wconf 74' lang='lat' dir='ltr'>Terra</span> <span class='ocrx_word' id='word_1_19' title='bbox 913 541 1070 582; x_wconf 75' lang='lat' dir='ltr'>Sancta</span> <span class='ocrx_word' id='word_1_20' title='bbox 1089 538 1255 581; x_wconf 77' lang='lat' dir='ltr'>turbata</span> <span class='ocrx_word' id='word_1_21' title='bbox 1274 546 1343 582; x_wconf 78' lang='lat' dir='ltr'>est.</span> 
     </span>
    </p>
   </div>
   <div class='ocr_carea' id='block_1_5' title="bbox 199 653 1677 710">
    <p class='ocr_par' dir='ltr' id='par_1_5' title="bbox 199 653 1677 710">
     <span class='ocr_line' id='line_1_7' title="bbox 199 653 1677 710; baseline -0.001 -14"><span class='ocrx_word' id='word_1_22' title='bbox 199 677 400 710; x_wconf 65' lang='lat' dir='ltr'><strong>Thessmpemr</strong></span> <span class='ocrx_word' id='word_1_23' title='bbox 485 655 605 696; x_wconf 87' lang='lat' dir='ltr'>Sane</span> <span class='ocrx_word' id='word_1_24' title='bbox 634 667 717 696; x_wconf 86' lang='lat' dir='ltr'>rex</span> <span class='ocrx_word' id='word_1_25' title='bbox 747 653 1007 707; x_wconf 86' lang='lat' dir='ltr'>Anglorum</span> <span class='ocrx_word' id='word_1_26' title='bbox 1043 655 1181 708; x_wconf 87' lang='lat' dir='ltr'>paulo</span> <span class='ocrx_word' id='word_1_27' title='bbox 1218 659 1326 695; x_wconf 88' lang='lat' dir='ltr'>ante</span> <span class='ocrx_word' id='word_1_28' title='bbox 1358 654 1539 695; x_wconf 91' lang='lat' dir='ltr'>obsides</span> <span class='ocrx_word' id='word_1_29' title='bbox 1569 666 1677 694; x_wconf 87' lang='lat' dir='ltr'>suos</span> 
     </span>
    </p>
   </div>
   <div class='ocr_carea' id='block_1_6' title="bbox 199 711 361 736">
    <p class='ocr_par' dir='ltr' id='par_1_6' title="bbox 199 711 361 736">
     <span class='ocr_line' id='line_1_8' title="bbox 199 711 361 736; baseline 0 0"><span class='ocrx_word' id='word_1_30' title='bbox 199 711 231 736; x_wconf 84' lang='lat' dir='ltr'>os</span> <span class='ocrx_word' id='word_1_31' title='bbox 240 711 361 736; x_wconf 77' lang='lat' dir='ltr'>German</span> 
     </span>
    </p>
   </div>
   <div class='ocr_carea' id='block_1_7' title="bbox 198 718 1683 1630">
    <p class='ocr_par' dir='ltr' id='par_1_7' title="bbox 198 718 1683 1630">
     <span class='ocr_line' id='line_1_9' title="bbox 198 718 1678 775; baseline -0.001 -13"><span class='ocrx_word' id='word_1_32' title='bbox 198 718 381 770; x_wconf 54' lang='lat' dir='ltr'>,eleasesmff</span> <span class='ocrx_word' id='word_1_33' title='bbox 418 721 540 774; x_wconf 90' lang='lat' dir='ltr'>apud</span> <span class='ocrx_word' id='word_1_34' title='bbox 591 722 910 775; x_wconf 81' lang='lat' dir='ltr'>imperatorem</span> <span class='ocrx_word' id='word_1_35' title='bbox 952 721 1135 763; x_wconf 89' lang='lat' dir='ltr'>relictos</span> <span class='ocrx_word' id='word_1_36' title='bbox 1182 721 1388 762; x_wconf 88' lang='lat' dir='ltr'>absolute</span> <span class='ocrx_word' id='word_1_37' title='bbox 1429 724 1678 773; x_wconf 83' lang='lat' dir='ltr'>receperat,</span> 
     </span>
     <span class='ocr_line' id='line_1_10' title="bbox 199 777 1679 842; baseline -0.001 -14"><span class='ocrx_word' id='word_1_38' title='bbox 199 777 318 842; x_wconf 52' lang='lat' dir='ltr'>Egffif&#39;h</span> <span class='ocrx_word' id='word_1_39' title='bbox 329 778 391 803; x_wconf 76' lang='lat'>¹¹⁰⁸·</span> <span class='ocrx_word' id='word_1_40' title='bbox 419 787 652 841; x_wconf 89' lang='lat' dir='ltr'>persoluta</span> <span class='ocrx_word' id='word_1_41' title='bbox 682 787 748 827; x_wconf 90' lang='lat' dir='ltr'>illi</span> <span class='ocrx_word' id='word_1_42' title='bbox 782 792 931 840; x_wconf 85' lang='lat' dir='ltr'>pactae</span> <span class='ocrx_word' id='word_1_43' title='bbox 953 786 1275 840; x_wconf 86' lang='lat' dir='ltr'>redemptionis</span> <span class='ocrx_word' id='word_1_44' title='bbox 1298 798 1492 835; x_wconf 87' lang='lat' dir='ltr'>summa,</span> <span class='ocrx_word' id='word_1_45' title='bbox 1513 785 1679 838; x_wconf 91' lang='lat' dir='ltr'>quibus</span> 
     </span>
     <span class='ocr_line' id='line_1_11' title="bbox 421 851 1681 906; baseline -0.002 -12"><span class='ocrx_word' id='word_1_46' title='bbox 421 853 616 906; x_wconf 88' lang='lat' dir='ltr'>receptis</span> <span class='ocrx_word' id='word_1_47' title='bbox 647 852 820 894; x_wconf 82' lang='lat' dir='ltr'>dixisse</span> <span class='ocrx_word' id='word_1_48' title='bbox 857 852 1017 903; x_wconf 83' lang='lat' dir='ltr'>fertur,</span> <span class='ocrx_word' id='word_1_49' title='bbox 1054 851 1137 893; x_wconf 89' lang='lat' dir='ltr'>“A</span> <span class='ocrx_word' id='word_1_50' title='bbox 1161 852 1430 906; x_wconf 85' lang='lat' dir='ltr'>captivitate</span> <span class='ocrx_word' id='word_1_51' title='bbox 1462 851 1681 893; x_wconf 90' lang='lat' dir='ltr'>Aleman-</span> 
     </span>
     <span class='ocr_line' id='line_1_12' title="bbox 419 917 1679 960; baseline -0.001 -1"><span class='ocrx_word' id='word_1_52' title='bbox 419 919 522 960; x_wconf 86' lang='lat' dir='ltr'>nica</span> <span class='ocrx_word' id='word_1_53' title='bbox 542 932 661 959; x_wconf 92' lang='lat' dir='ltr'>nunc</span> <span class='ocrx_word' id='word_1_54' title='bbox 684 919 779 960; x_wconf 91' lang='lat' dir='ltr'>scio</span> <span class='ocrx_word' id='word_1_55' title='bbox 814 931 886 959; x_wconf 90' lang='lat' dir='ltr'>me</span> <span class='ocrx_word' id='word_1_56' title='bbox 915 931 1022 959; x_wconf 87' lang='lat' dir='ltr'>vere</span> <span class='ocrx_word' id='word_1_57' title='bbox 1057 918 1365 959; x_wconf 85' lang='lat' dir='ltr'>liberatum!’&#39;</span> <span class='ocrx_word' id='word_1_58' title='bbox 1437 917 1679 958; x_wconf 82' lang='lat' dir='ltr'>Liberatus</span> 
     </span>
     <span class='ocr_line' id='line_1_13' title="bbox 419 983 1680 1037; baseline -0.002 -12"><span class='ocrx_word' id='word_1_59' title='bbox 419 984 577 1037; x_wconf 88' lang='lat' dir='ltr'>itaque</span> <span class='ocrx_word' id='word_1_60' title='bbox 601 985 658 1027; x_wconf 86' lang='lat' dir='ltr'>ab</span> <span class='ocrx_word' id='word_1_61' title='bbox 680 989 897 1025; x_wconf 88' lang='lat' dir='ltr'>exactore</span> <span class='ocrx_word' id='word_1_62' title='bbox 917 988 1010 1025; x_wconf 91' lang='lat' dir='ltr'>tam</span> <span class='ocrx_word' id='word_1_63' title='bbox 1037 984 1185 1036; x_wconf 84' lang='lat' dir='ltr'>gravi,</span> <span class='ocrx_word' id='word_1_64' title='bbox 1219 983 1471 1025; x_wconf 90' lang='lat' dir='ltr'>intentione</span> <span class='ocrx_word' id='word_1_65' title='bbox 1501 983 1680 1035; x_wconf 87' lang='lat' dir='ltr'>inte-gra</span> 
     </span>
     <span class='ocr_line' id='line_1_14' title="bbox 419 1048 1679 1103; baseline -0.001 -13"><span class='ocrx_word' id='word_1_66' title='bbox 419 1049 595 1090; x_wconf 87' lang='lat' dir='ltr'>bellicis</span> <span class='ocrx_word' id='word_1_67' title='bbox 623 1049 818 1103; x_wconf 81' lang='lat' dir='ltr'>negotiis</span> <span class='ocrx_word' id='word_1_68' title='bbox 848 1049 1103 1099; x_wconf 86' lang='lat' dir='ltr'>insistebat,</span> <span class='ocrx_word' id='word_1_69' title='bbox 1133 1049 1189 1090; x_wconf 92' lang='lat' dir='ltr'>de</span> <span class='ocrx_word' id='word_1_70' title='bbox 1223 1050 1479 1091; x_wconf 87' lang='lat' dir='ltr'>reversione</span> <span class='ocrx_word' id='word_1_71' title='bbox 1513 1049 1559 1089; x_wconf 92' lang='lat' dir='ltr'>in</span> <span class='ocrx_word' id='word_1_72' title='bbox 1593 1048 1679 1102; x_wconf 89' lang='lat' dir='ltr'>Sy-</span> 
     </span>
     <span class='ocr_line' id='line_1_15' title="bbox 419 1114 1681 1167; baseline 0.001 -12"><span class='ocrx_word' id='word_1_73' title='bbox 419 1115 535 1156; x_wconf 83' lang='lat' dir='ltr'>riam</span> <span class='ocrx_word' id='word_1_74' title='bbox 554 1116 628 1157; x_wconf 91' lang='lat' dir='ltr'>cui</span> <span class='ocrx_word' id='word_1_75' title='bbox 662 1128 712 1156; x_wconf 91' lang='lat' dir='ltr'>se</span> <span class='ocrx_word' id='word_1_76' title='bbox 746 1115 892 1156; x_wconf 88' lang='lat' dir='ltr'>redire</span> <span class='ocrx_word' id='word_1_77' title='bbox 916 1115 1165 1156; x_wconf 86' lang='lat' dir='ltr'>devoverat</span> <span class='ocrx_word' id='word_1_78' title='bbox 1199 1115 1312 1156; x_wconf 90' lang='lat' dir='ltr'>nihil</span> <span class='ocrx_word' id='word_1_79' title='bbox 1334 1115 1406 1157; x_wconf 91' lang='lat' dir='ltr'>vel</span> <span class='ocrx_word' id='word_1_80' title='bbox 1430 1114 1581 1167; x_wconf 84' lang='lat' dir='ltr'>tepide</span> <span class='ocrx_word' id='word_1_81' title='bbox 1605 1127 1681 1156; x_wconf 90' lang='lat' dir='ltr'>co-</span> 
     </span>
     <span class='ocr_line' id='line_1_16' title="bbox 421 1181 1677 1233; baseline 0 -11"><span class='ocrx_word' id='word_1_82' title='bbox 421 1181 603 1233; x_wconf 83' lang='lat' dir='ltr'>gitans:</span> <span class='ocrx_word' id='word_1_83' title='bbox 641 1181 688 1222; x_wconf 94' lang='lat' dir='ltr'>in</span> <span class='ocrx_word' id='word_1_84' title='bbox 732 1186 899 1222; x_wconf 90' lang='lat' dir='ltr'>eventu</span> <span class='ocrx_word' id='word_1_85' title='bbox 939 1186 1092 1222; x_wconf 92' lang='lat' dir='ltr'>tamen</span> <span class='ocrx_word' id='word_1_86' title='bbox 1134 1181 1196 1222; x_wconf 92' lang='lat' dir='ltr'>ibi</span> <span class='ocrx_word' id='word_1_87' title='bbox 1237 1182 1351 1222; x_wconf 90' lang='lat' dir='ltr'>bene</span> <span class='ocrx_word' id='word_1_88' title='bbox 1390 1181 1677 1233; x_wconf 57' lang='lat' dir='ltr'>contigan-an</span> 
     </span>
     <span class='ocr_line' id='line_1_17' title="bbox 203 1246 1683 1312; baseline -0.001 -24"><span class='ocrx_word' id='word_1_89' title='bbox 203 1253 342 1312; x_wconf 56' lang='lat' dir='ltr'>¹s³5ffii¹÷n⁰f</span> <span class='ocrx_word' id='word_1_90' title='bbox 422 1247 532 1299; x_wconf 90' lang='lat' dir='ltr'>quia</span> <span class='ocrx_word' id='word_1_91' title='bbox 552 1251 733 1288; x_wconf 89' lang='lat' dir='ltr'>mortuo</span> <span class='ocrx_word' id='word_1_92' title='bbox 756 1252 864 1288; x_wconf 88' lang='lat' dir='ltr'>tunc</span> <span class='ocrx_word' id='word_1_93' title='bbox 897 1247 1114 1288; x_wconf 89' lang='lat' dir='ltr'>Saladino</span> <span class='ocrx_word' id='word_1_94' title='bbox 1147 1247 1339 1288; x_wconf 88' lang='lat' dir='ltr'>scissum</span> <span class='ocrx_word' id='word_1_95' title='bbox 1371 1251 1440 1288; x_wconf 92' lang='lat' dir='ltr'>est</span> <span class='ocrx_word' id='word_1_96' title='bbox 1470 1247 1568 1301; x_wconf 91' lang='lat' dir='ltr'>ejus</span> <span class='ocrx_word' id='word_1_97' title='bbox 1599 1246 1683 1286; x_wconf 90' lang='lat' dir='ltr'>im-</span> 
     </span>
     <span class='ocr_line' id='line_1_18' title="bbox 208 1305 1678 1368; baseline -0.001 -15"><span class='ocrx_word' id='word_1_98' title='bbox 208 1321 282 1345; x_wconf 80' lang='lat'>1193·</span> <span class='ocrx_word' id='word_1_99' title='bbox 321 1305 327 1318; x_wconf 83' lang='lat'><em>&#39;</em></span> <span class='ocrx_word' id='word_1_100' title='bbox 422 1313 597 1366; x_wconf 90' lang='lat' dir='ltr'>perium</span> <span class='ocrx_word' id='word_1_101' title='bbox 633 1314 775 1368; x_wconf 88' lang='lat' dir='ltr'>juxta</span> <span class='ocrx_word' id='word_1_102' title='bbox 809 1326 1047 1354; x_wconf 90' lang='lat' dir='ltr'>numerum</span> <span class='ocrx_word' id='word_1_103' title='bbox 1079 1313 1415 1354; x_wconf 90' lang='lat' dir='ltr'>succedentium</span> <span class='ocrx_word' id='word_1_104' title='bbox 1453 1312 1678 1362; x_wconf 89' lang='lat' dir='ltr'>filiorum;</span> 
     </span>
     <span class='ocr_line' id='line_1_19' title="bbox 202 1379 1679 1443; baseline -0.001 -24"><span class='ocrx_word' id='word_1_105' title='bbox 202 1385 257 1411; x_wconf 73' lang='lat'>11¹⁸</span> <span class='ocrx_word' id='word_1_106' title='bbox 270 1392 344 1443; x_wconf 45' lang='grc' dir='ltr'>Βεζῐιυῑεἰ</span> <span class='ocrx_word' id='word_1_107' title='bbox 348 1392 395 1410; x_wconf 82' lang='lat' dir='ltr'>en-</span> <span class='ocrx_word' id='word_1_108' title='bbox 421 1379 625 1432; x_wconf 89' lang='lat' dir='ltr'>ipsisque</span> <span class='ocrx_word' id='word_1_109' title='bbox 645 1379 765 1419; x_wconf 90' lang='lat' dir='ltr'>inter</span> <span class='ocrx_word' id='word_1_110' title='bbox 796 1391 845 1419; x_wconf 91' lang='lat' dir='ltr'>se</span> <span class='ocrx_word' id='word_1_111' title='bbox 878 1379 1219 1428; x_wconf 90' lang='lat' dir='ltr'>dissidentibus,</span> <span class='ocrx_word' id='word_1_112' title='bbox 1242 1383 1343 1420; x_wconf 86' lang='lat' dir='ltr'>orta</span> <span class='ocrx_word' id='word_1_113' title='bbox 1373 1382 1444 1419; x_wconf 91' lang='lat' dir='ltr'>est</span> <span class='ocrx_word' id='word_1_114' title='bbox 1475 1379 1679 1418; x_wconf 83' lang='lat' dir='ltr'>rixarum</span> 
     </span>
     <span class='ocr_line' id='line_1_20' title="bbox 202 1426 1681 1498; baseline -0.001 -13"><span class='ocrx_word' id='word_1_115' title='bbox 202 1426 346 1477; x_wconf 54' lang='lat' dir='ltr'>{ffiilm</span> <span class='ocrx_word' id='word_1_116' title='bbox 422 1444 735 1498; x_wconf 90' lang='lat' dir='ltr'>bellorumque</span> <span class='ocrx_word' id='word_1_117' title='bbox 774 1445 980 1494; x_wconf 89' lang='lat' dir='ltr'>materia,</span> <span class='ocrx_word' id='word_1_118' title='bbox 1015 1449 1061 1485; x_wconf 92' lang='lat' dir='ltr'>et</span> <span class='ocrx_word' id='word_1_119' title='bbox 1099 1444 1223 1486; x_wconf 89' lang='lat' dir='ltr'>facta</span> <span class='ocrx_word' id='word_1_120' title='bbox 1254 1450 1324 1485; x_wconf 89' lang='lat' dir='ltr'>est</span> <span class='ocrx_word' id='word_1_121' title='bbox 1357 1456 1535 1485; x_wconf 86' lang='lat' dir='ltr'>summa</span> <span class='ocrx_word' id='word_1_122' title='bbox 1572 1457 1681 1484; x_wconf 87' lang='lat' dir='ltr'>con-</span> 
     </span>
     <span class='ocr_line' id='line_1_21' title="bbox 421 1509 1680 1564; baseline -0.001 -13"><span class='ocrx_word' id='word_1_123' title='bbox 421 1509 541 1551; x_wconf 85' lang='lat' dir='ltr'>fusio</span> <span class='ocrx_word' id='word_1_124' title='bbox 592 1510 639 1550; x_wconf 90' lang='lat' dir='ltr'>in</span> <span class='ocrx_word' id='word_1_125' title='bbox 681 1510 816 1551; x_wconf 90' lang='lat' dir='ltr'>domo</span> <span class='ocrx_word' id='word_1_126' title='bbox 871 1510 987 1564; x_wconf 88' lang='lat' dir='ltr'>ejus,</span> <span class='ocrx_word' id='word_1_127' title='bbox 1033 1509 1306 1551; x_wconf 90' lang='lat' dir='ltr'>Christianis</span> <span class='ocrx_word' id='word_1_128' title='bbox 1357 1510 1554 1559; x_wconf 90' lang='lat' dir='ltr'>interim,</span> <span class='ocrx_word' id='word_1_129' title='bbox 1597 1510 1680 1550; x_wconf 90' lang='lat' dir='ltr'>sub</span> 
     </span>
     <span class='ocr_line' id='line_1_22' title="bbox 422 1575 1680 1630; baseline 0 -14"><span class='ocrx_word' id='word_1_130' title='bbox 422 1575 629 1617; x_wconf 90' lang='lat' dir='ltr'>Henrico</span> <span class='ocrx_word' id='word_1_131' title='bbox 666 1576 886 1629; x_wconf 86' lang='lat' dir='ltr'>principe,</span> <span class='ocrx_word' id='word_1_132' title='bbox 916 1576 1201 1617; x_wconf 90' lang='lat' dir='ltr'>induciarum</span> <span class='ocrx_word' id='word_1_133' title='bbox 1235 1575 1540 1630; x_wconf 83' lang='lat' dir='ltr'>expletionem</span> <span class='ocrx_word' id='word_1_134' title='bbox 1563 1588 1680 1629; x_wconf 86' lang='lat' dir='ltr'>prae-</span> 
     </span>
    </p>
   </div>
   <div class='ocr_carea' id='block_1_8' title="bbox 419 1641 712 1683">
    <p class='ocr_par' dir='ltr' id='par_1_8' title="bbox 419 1641 712 1683">
     <span class='ocr_line' id='line_1_23' title="bbox 419 1641 712 1683; baseline 0 -1"><span class='ocrx_word' id='word_1_135' title='bbox 419 1641 712 1683; x_wconf 85' lang='lat' dir='ltr'>stolantibus.</span> 
     </span>
    </p>
   </div>
   <div class='ocr_carea' id='block_1_9' title="bbox 490 1789 1622 1845">
    <p class='ocr_par' dir='ltr' id='par_1_9' title="bbox 490 1789 1622 1845">
     <span class='ocr_line' id='line_1_24' title="bbox 490 1789 1622 1845; baseline 0.003 -16"><span class='ocrx_word' id='word_1_136' title='bbox 490 1789 725 1844; x_wconf 78' lang='lat' dir='ltr'>Imperator</span> <span class='ocrx_word' id='word_1_137' title='bbox 739 1790 958 1845; x_wconf 72' lang='lat' dir='ltr'>proposuit</span> <span class='ocrx_word' id='word_1_138' title='bbox 976 1790 1038 1832; x_wconf 75' lang='lat' dir='ltr'>ire</span> <span class='ocrx_word' id='word_1_139' title='bbox 1058 1804 1194 1831; x_wconf 78' lang='lat' dir='ltr'>vorsus</span> <span class='ocrx_word' id='word_1_140' title='bbox 1219 1790 1391 1832; x_wconf 79' lang='lat' dir='ltr'>Terram</span> <span class='ocrx_word' id='word_1_141' title='bbox 1411 1791 1622 1832; x_wconf 70' lang='lat' dir='ltr'>Sanctam.</span> 
     </span>
    </p>
   </div>
   <div class='ocr_carea' id='block_1_10' title="bbox 204 1903 1680 1979">
    <p class='ocr_par' dir='ltr' id='par_1_10' title="bbox 204 1903 1680 1979">
     <span class='ocr_line' id='line_1_25' title="bbox 204 1903 1680 1979; baseline -0.013 -7"><span class='ocrx_word' id='word_1_142' title='bbox 204 1904 407 1979; x_wconf 35' lang='lat'>33:233&amp;</span> <span class='ocrx_word' id='word_1_143' title='bbox 491 1903 635 1945; x_wconf 73' lang='lat' dir='ltr'>1³0¹·r0</span> <span class='ocrx_word' id='word_1_144' title='bbox 671 1904 930 1957; x_wconf 49' lang='lat' dir='ltr'>imperator,</span> <span class='ocrx_word' id='word_1_145' title='bbox 957 1908 1007 1944; x_wconf 77' lang='lat' dir='ltr'>ut</span> <span class='ocrx_word' id='word_1_146' title='bbox 1046 1905 1179 1956; x_wconf 76' lang='lat' dir='ltr'>quasi</span> <span class='ocrx_word' id='word_1_147' title='bbox 1222 1905 1431 1957; x_wconf 78' lang='lat' dir='ltr'>expiaret</span> <span class='ocrx_word' id='word_1_148' title='bbox 1483 1905 1604 1958; x_wconf 82' lang='lat' dir='ltr'>quod</span> <span class='ocrx_word' id='word_1_149' title='bbox 1636 1905 1680 1945; x_wconf 79' lang='lat' dir='ltr'>in</span> 
     </span>
    </p>
   </div>
   <div class='ocr_carea' id='block_1_11' title="bbox 207 1968 1682 2615">
    <p class='ocr_par' dir='ltr' id='par_1_11' title="bbox 207 1968 1682 2615">
     <span class='ocr_line' id='line_1_26' title="bbox 207 1968 1678 2022; baseline -0.001 -10"><span class='ocrx_word' id='word_1_150' title='bbox 207 1981 406 2012; x_wconf 76' lang='lat' dir='ltr'>makesprepa-</span> <span class='ocrx_word' id='word_1_151' title='bbox 425 1968 736 2010; x_wconf 86' lang='lat' dir='ltr'>Christianum</span> <span class='ocrx_word' id='word_1_152' title='bbox 776 1969 1025 2022; x_wconf 88' lang='lat' dir='ltr'>principem</span> <span class='ocrx_word' id='word_1_153' title='bbox 1065 1970 1121 2009; x_wconf 92' lang='lat' dir='ltr'>ab</span> <span class='ocrx_word' id='word_1_154' title='bbox 1159 1969 1347 2011; x_wconf 90' lang='lat' dir='ltr'>Oriente</span> <span class='ocrx_word' id='word_1_155' title='bbox 1378 1976 1678 2012; x_wconf 89' lang='lat' dir='ltr'>revertentem</span> 
     </span>
     <span class='ocr_line' id='line_1_27' title="bbox 207 2013 1681 2089; baseline 0.001 -14"><span class='ocrx_word' id='word_1_156' title='bbox 207 2013 396 2072; x_wconf 49' lang='lat' dir='ltr'>332³sssz</span> <span class='ocrx_word' id='word_1_157' title='bbox 425 2042 518 2076; x_wconf 88' lang='lat' dir='ltr'>tam</span> <span class='ocrx_word' id='word_1_158' title='bbox 574 2034 693 2075; x_wconf 88' lang='lat' dir='ltr'>foede</span> <span class='ocrx_word' id='word_1_159' title='bbox 753 2035 1057 2085; x_wconf 88' lang='lat' dir='ltr'>commiserat,</span> <span class='ocrx_word' id='word_1_160' title='bbox 1110 2036 1347 2089; x_wconf 90' lang='lat' dir='ltr'>proposuit</span> <span class='ocrx_word' id='word_1_161' title='bbox 1410 2035 1681 2089; x_wconf 82' lang='lat' dir='ltr'>Anglicanis</span> 
     </span>
     <span class='ocr_line' id='line_1_28' title="bbox 425 2100 1681 2154; baseline 0.001 -12"><span class='ocrx_word' id='word_1_162' title='bbox 425 2101 588 2154; x_wconf 91' lang='lat' dir='ltr'>opibus</span> <span class='ocrx_word' id='word_1_163' title='bbox 632 2100 955 2141; x_wconf 87' lang='lat' dir='ltr'>‘orientales’¹</span> <span class='ocrx_word' id='word_1_164' title='bbox 1010 2100 1225 2154; x_wconf 85' lang='lat' dir='ltr'>reliquias</span> <span class='ocrx_word' id='word_1_165' title='bbox 1270 2101 1470 2142; x_wconf 87' lang='lat' dir='ltr'>visitare.</span> <span class='ocrx_word' id='word_1_166' title='bbox 1547 2101 1681 2143; x_wconf 89' lang='lat' dir='ltr'>Unde</span> 
     </span>
     <span class='ocr_line' id='line_1_29' title="bbox 424 2166 1682 2220; baseline 0.002 -14"><span class='ocrx_word' id='word_1_167' title='bbox 424 2179 546 2207; x_wconf 88' lang='lat' dir='ltr'>anno</span> <span class='ocrx_word' id='word_1_168' title='bbox 589 2166 774 2207; x_wconf 91' lang='lat' dir='ltr'>Domini</span> <span class='ocrx_word' id='word_1_169' title='bbox 823 2177 1040 2217; x_wconf 84' lang='lat' dir='ltr'>M.GXCV.,</span> <span class='ocrx_word' id='word_1_170' title='bbox 1081 2167 1345 2208; x_wconf 89' lang='lat' dir='ltr'>convocatis</span> <span class='ocrx_word' id='word_1_171' title='bbox 1390 2167 1462 2208; x_wconf 90' lang='lat' dir='ltr'>sui</span> <span class='ocrx_word' id='word_1_172' title='bbox 1505 2167 1682 2220; x_wconf 85' lang='lat' dir='ltr'>imperii</span> 
     </span>
     <span class='ocr_line' id='line_1_30' title="bbox 425 2231 1681 2286; baseline 0.002 -14"><span class='ocrx_word' id='word_1_173' title='bbox 425 2232 746 2274; x_wconf 88' lang='lat' dir='ltr'>ecclesiasticis</span> <span class='ocrx_word' id='word_1_174' title='bbox 800 2231 1020 2286; x_wconf 90' lang='lat' dir='ltr'>laicisque</span> <span class='ocrx_word' id='word_1_175' title='bbox 1068 2233 1287 2286; x_wconf 88' lang='lat' dir='ltr'>personis,</span> <span class='ocrx_word' id='word_1_176' title='bbox 1340 2237 1387 2274; x_wconf 87' lang='lat' dir='ltr'>et</span> <span class='ocrx_word' id='word_1_177' title='bbox 1438 2233 1681 2274; x_wconf 88' lang='lat' dir='ltr'>devotione</span> 
     </span>
     <span class='ocr_line' id='line_1_31' title="bbox 424 2297 1681 2352; baseline 0.001 -14"><span class='ocrx_word' id='word_1_178' title='bbox 424 2298 611 2352; x_wconf 85' lang='lat' dir='ltr'>propria</span> <span class='ocrx_word' id='word_1_179' title='bbox 650 2298 826 2339; x_wconf 89' lang='lat' dir='ltr'>cunctis</span> <span class='ocrx_word' id='word_1_180' title='bbox 870 2297 1119 2348; x_wconf 87' lang='lat' dir='ltr'>declarata,</span> <span class='ocrx_word' id='word_1_181' title='bbox 1157 2299 1213 2339; x_wconf 89' lang='lat' dir='ltr'>ad</span> <span class='ocrx_word' id='word_1_182' title='bbox 1256 2298 1563 2339; x_wconf 88' lang='lat' dir='ltr'>aemulandum</span> <span class='ocrx_word' id='word_1_183' title='bbox 1598 2312 1681 2352; x_wconf 90' lang='lat' dir='ltr'>pro</span> 
     </span>
     <span class='ocr_line' id='line_1_32' title="bbox 426 2363 1680 2418; baseline 0 -13"><span class='ocrx_word' id='word_1_184' title='bbox 426 2363 610 2406; x_wconf 88' lang='lat' dir='ltr'>Christo</span> <span class='ocrx_word' id='word_1_185' title='bbox 652 2363 820 2405; x_wconf 90' lang='lat' dir='ltr'>multos</span> <span class='ocrx_word' id='word_1_186' title='bbox 867 2377 924 2404; x_wconf 87' lang='lat' dir='ltr'>ex</span> <span class='ocrx_word' id='word_1_187' title='bbox 975 2363 1169 2405; x_wconf 89' lang='lat' dir='ltr'>subditis</span> <span class='ocrx_word' id='word_1_188' title='bbox 1221 2364 1518 2418; x_wconf 80' lang='lat' dir='ltr'>provocavit3</span> <span class='ocrx_word' id='word_1_189' title='bbox 1570 2377 1680 2418; x_wconf 87' lang='lat' dir='ltr'>apo—</span> 
     </span>
     <span class='ocr_line' id='line_1_33' title="bbox 424 2429 1679 2483; baseline 0.001 -13"><span class='ocrx_word' id='word_1_190' title='bbox 424 2430 598 2471; x_wconf 86' lang='lat' dir='ltr'>stolicae</span> <span class='ocrx_word' id='word_1_191' title='bbox 642 2429 780 2471; x_wconf 91' lang='lat' dir='ltr'>etiam</span> <span class='ocrx_word' id='word_1_192' title='bbox 829 2430 949 2470; x_wconf 87' lang='lat' dir='ltr'>sedis</span> <span class='ocrx_word' id='word_1_193' title='bbox 999 2430 1196 2482; x_wconf 85' lang='lat' dir='ltr'>legatus,</span> <span class='ocrx_word' id='word_1_194' title='bbox 1248 2430 1325 2483; x_wconf 94' lang='lat' dir='ltr'>qui</span> <span class='ocrx_word' id='word_1_195' title='bbox 1374 2431 1437 2471; x_wconf 92' lang='lat' dir='ltr'>ibi</span> <span class='ocrx_word' id='word_1_196' title='bbox 1479 2443 1679 2483; x_wconf 90' lang='lat' dir='ltr'>praesens</span> 
     </span>
     <span class='ocr_line' id='line_1_34' title="bbox 423 2495 1680 2549; baseline 0 -13"><span class='ocrx_word' id='word_1_197' title='bbox 423 2501 538 2545; x_wconf 88' lang='lat' dir='ltr'>erat,</span> <span class='ocrx_word' id='word_1_198' title='bbox 574 2508 677 2536; x_wconf 92' lang='lat' dir='ltr'>cum</span> <span class='ocrx_word' id='word_1_199' title='bbox 714 2495 917 2549; x_wconf 79' lang='lat' dir='ltr'>praelatis</span> <span class='ocrx_word' id='word_1_200' title='bbox 955 2501 1001 2536; x_wconf 88' lang='lat' dir='ltr'>et</span> <span class='ocrx_word' id='word_1_201' title='bbox 1034 2495 1210 2537; x_wconf 87' lang='lat' dir='ltr'>clericis</span> <span class='ocrx_word' id='word_1_202' title='bbox 1252 2497 1330 2549; x_wconf 92' lang='lat' dir='ltr'>qui</span> <span class='ocrx_word' id='word_1_203' title='bbox 1375 2495 1601 2548; x_wconf 84' lang='lat' dir='ltr'>dignitate</span> <span class='ocrx_word' id='word_1_204' title='bbox 1634 2500 1680 2536; x_wconf 87' lang='lat' dir='ltr'>et</span> 
     </span>
     <span class='ocr_line' id='line_1_35' title="bbox 423 2560 1679 2615; baseline 0 -13"><span class='ocrx_word' id='word_1_205' title='bbox 423 2560 638 2602; x_wconf 84' lang='lat' dir='ltr'>facundia</span> <span class='ocrx_word' id='word_1_206' title='bbox 658 2561 996 2615; x_wconf 79' lang='lat' dir='ltr'>praecellebant,</span> <span class='ocrx_word' id='word_1_207' title='bbox 1019 2575 1100 2614; x_wconf 89' lang='lat' dir='ltr'>per</span> <span class='ocrx_word' id='word_1_208' title='bbox 1120 2561 1217 2602; x_wconf 86' lang='lat' dir='ltr'>dies</span> <span class='ocrx_word' id='word_1_209' title='bbox 1238 2568 1342 2602; x_wconf 91' lang='lat' dir='ltr'>octo</span> <span class='ocrx_word' id='word_1_210' title='bbox 1366 2563 1605 2602; x_wconf 83' lang='lat' dir='ltr'>continuos</span> <span class='ocrx_word' id='word_1_211' title='bbox 1635 2562 1679 2601; x_wconf 91' lang='lat' dir='ltr'>in</span> 
     </span>
    </p>
   </div>
   <div class='ocr_carea' id='block_1_12' title="bbox 423 2626 1679 2680">
    <p class='ocr_par' dir='ltr' id='par_1_12' title="bbox 423 2626 1679 2680">
     <span class='ocr_line' id='line_1_36' title="bbox 423 2626 1679 2680; baseline 0 -13"><span class='ocrx_word' id='word_1_212' title='bbox 423 2628 608 2668; x_wconf 85' lang='lat' dir='ltr'>auribus</span> <span class='ocrx_word' id='word_1_213' title='bbox 642 2626 916 2668; x_wconf 76' lang='lat' dir='ltr'>Christianae</span> <span class='ocrx_word' id='word_1_214' title='bbox 948 2627 1253 2668; x_wconf 88' lang='lat' dir='ltr'>multitudinis</span> <span class='ocrx_word' id='word_1_215' title='bbox 1288 2628 1462 2680; x_wconf 86' lang='lat' dir='ltr'>potenti</span> <span class='ocrx_word' id='word_1_216' title='bbox 1498 2627 1679 2680; x_wconf 86' lang='lat' dir='ltr'>eloquio</span> 
     </span>
    </p>
   </div>
   <div class='ocr_carea' id='block_1_13' title="bbox 998 2716 1687 2720">
    <p class='ocr_par' dir='ltr' id='par_1_13' title="bbox 998 2716 1687 2720">
     <span class='ocr_line' id='line_1_37' title="bbox 998 2716 1687 2720; baseline 0 0"><span class='ocrx_word' id='word_1_217' title='bbox 998 2716 1687 2720; x_wconf 95' lang='lat' dir='ltr'> </span> 
     </span>
    </p>
   </div>
   <div class='ocr_carea' id='block_1_14' title="bbox 724 2759 1374 2798">
    <p class='ocr_par' dir='ltr' id='par_1_14' title="bbox 724 2759 1374 2798">
     <span class='ocr_line' id='line_1_38' title="bbox 724 2759 1374 2798; baseline 0.002 -8"><span class='ocrx_word' id='word_1_218' title='bbox 724 2759 730 2776; x_wconf 95' lang='lat'><em>¹</em></span> <span class='ocrx_word' id='word_1_219' title='bbox 757 2761 766 2776; x_wconf 94' lang='lat'>‘</span> <span class='ocrx_word' id='word_1_220' title='bbox 780 2760 951 2790; x_wconf 86' lang='lat' dir='ltr'>orientalis</span> <span class='ocrx_word' id='word_1_221' title='bbox 967 2760 1144 2798; x_wconf 82' lang='lat' dir='ltr'>ccclesiae‚&#39;</span> <span class='ocrx_word' id='word_1_222' title='bbox 1163 2761 1237 2790; x_wconf 77' lang='lat' dir='ltr'>MS.</span> <span class='ocrx_word' id='word_1_223' title='bbox 1253 2760 1374 2791; x_wconf 85' lang='lat' dir='ltr'>Lansd.</span> 
     </span>
    </p>
   </div>
  </div>
 </body>
</html>
