1866 3186
481 280 704 311 WALTERI
738 281 799 310 DE
831 280 1207 311 HEMINGBURGH.
1382 269 1465 312 127

200 386 370 427 factum
406 391 477 427 est
508 385 621 427 illud
655 385 930 427 Christianae
956 384 1102 438 plebis
1134 384 1380 433 excidium,
1418 389 1464 426 et
1498 394 1603 453 {¹²32
1611 393 1658 451 ¹137

201 453 322 494 circa
352 452 574 494 solemnia
605 452 730 493 beati
766 451 1007 492 Michaelis
1039 451 1163 492 facta
1192 455 1262 492 est
1294 450 1463 492 deditio
1480 445 1611 514 &12th
1660 443 1668 450 ’

201 523 372 560 sanctae
391 518 607 559 civitatis.
678 517 914 559 Ascalona
933 530 1130 571 quoque,
1154 517 1260 558 urbs
1281 516 1464 567 nobilis,

201 585 247 626 in
281 597 416 638 quam
457 589 562 638 post
593 584 806 637 proelium
841 588 1028 637 propter
1068 583 1168 638 ejus
1201 583 1464 624 firmitatem

202 651 334 692 multi
391 655 403 672 ‘
428 648 725 691 Christiani*
789 650 1126 698 confluxerant,
1178 648 1465 702 tyrannicam

202 721 477 770 potestatem
501 729 591 757 non
612 715 759 757 evasit
779 729 789 765 ;
826 729 932 757 nam
953 728 1035 756 rex
1056 714 1086 756 J
1090 713 1464 767 erosolymorum,

202 783 280 836 qui
320 787 483 836 captus
520 782 681 835 proelio
718 781 881 830 fuerat,
922 793 1022 821 eam
1052 793 1135 833 pro
1178 791 1261 819 sua
1300 780 1463 820 libera-

200 849 324 890 tione
345 848 610 900 resignavit.
670 846 870 900 Jamque
890 846 991 887 sola
1014 846 1191 886 urbium
1216 844 1463 886 Palestinae

202 915 310 955 urbs
339 914 531 967 insignis
565 913 716 967 Tyrus
747 912 1103 954 dominationem
1131 911 1465 964 aspernabatur

200 980 440 1022 hostilem:
486 979 567 1020 illa
600 992 797 1032 namque
834 979 1014 1027 civitas,
1048 982 1101 1019 ut
1133 977 1333 1031 produnt
1370 977 1462 1019 his-

200 1047 346 1095 toriae,
375 1046 671 1087 fortissimum
700 1058 856 1098 regem
888 1043 1292 1097 Nabugodonosor
1320 1044 1463 1097 prius,

201 1117 248 1154 et
294 1117 455 1166 postea
501 1124 716 1164 magnum
759 1111 889 1152 illum
941 1109 1272 1159 Alexandrum,
1317 1110 1462 1151 multo

200 1178 357 1219 labore
373 1178 620 1219 excercuit.
691 1177 837 1218 Plane
851 1177 1076 1218 Dominus
1094 1180 1282 1229 propter
1304 1188 1463 1217 servos

200 1257 324 1294 suos,
348 1249 401 1285 ut
430 1244 634 1285 venturis
670 1243 940 1285 Christianis
970 1249 1130 1296 aptum
1162 1255 1253 1283 non
1285 1241 1464 1284 deesset

199 1310 552 1363 receptaculum,
573 1310 730 1350 urbem
752 1309 868 1350 hanc
887 1314 1108 1362 tanquam
1129 1321 1323 1361 granum
1342 1309 1463 1349 botri

198 1376 425 1418 modicum
445 1389 527 1430 pro
551 1375 865 1416 benedictione
886 1388 977 1416 non
997 1374 1176 1415 modica
1193 1374 1459 1416 reservavit.

201 1442 261 1483 Et
292 1443 400 1496 quia
424 1442 517 1483 fere
552 1446 653 1483 tota
687 1441 802 1482 mari
830 1441 1043 1490 ambitur,
1077 1444 1213 1493 portu
1254 1440 1460 1493 gaudens

199 1509 445 1558 tutissimo,
471 1507 712 1549 Saladinus
733 1521 834 1549 eam
859 1508 1127 1549 obsessurus
1158 1506 1307 1548 classe
1339 1506 1460 1548 circa
1476 1522 1557 1554 stege
1568 1522 1600 1548 or

199 1575 356 1615 urbem
391 1574 614 1628 disposita
634 1573 782 1615 modis
805 1574 1014 1615 omnibus
1050 1586 1151 1614 eam
1180 1573 1355 1614 studuit
1378 1586 1458 1627 op-
1476 1557 1558 1588 Tm'

200 1653 420 1694 pugnare.
480 1640 651 1681 Eodem
668 1645 871 1693 tempore
892 1639 1095 1680 marchio
1118 1638 1238 1679 filius
1262 1639 1458 1680 marchi-

201 1707 300 1748 onis
324 1707 380 1747 de
405 1705 762 1747 Monte-ferrato
791 1706 958 1747 ibidem
982 1718 1085 1746 cum
1113 1717 1282 1758 magna
1311 1704 1458 1746 classe

203 1772 466 1822 advenerat,
496 1772 617 1826 patri
647 1784 730 1812 suo
752 1772 830 1825 qui
850 1771 897 1812 in
919 1771 1136 1824 praedicto
1158 1771 1279 1812 bello
1302 1770 1456 1812 Chris-

198 1838 426 1880 tianorum
450 1838 599 1880 fuerat
625 1838 872 1888 astiturus3
909 1837 988 1891 qui
1011 1842 1199 1890 accepta
1225 1850 1253 1878 a
1282 1837 1456 1878 civibus

198 1904 432 1954 fidelitate,
483 1909 528 1945 et
580 1904 850 1957 praeparatis
899 1903 1093 1944 navibus
1142 1916 1246 1944 cum
1293 1903 1458 1956 quibus

199 1976 402 2021 venerat,
429 1970 583 2012 navali
610 1970 775 2023 proelio
810 1969 974 2011 statuit
1008 1982 1110 2010 cum
1132 1969 1287 2010 hostili
1311 1969 1457 2010 classe

198 2037 468 2090 confligere3
511 2036 631 2090 quod
675 2042 721 2077 et
762 2036 933 2078 factum
977 2041 1047 2077 est
1089 2035 1189 2076 Deo
1229 2036 1454 2089 propitio;

198 2108 244 2145 et
264 2116 385 2144 caesa
406 2103 479 2144 vel
498 2103 734 2143 submersa
755 2102 1046 2143 multitudine
1068 2101 1287 2151 hostium,
1315 2115 1457 2143 naves

197 2169 438 2210 nonnullas
479 2168 537 2209 ad
577 2173 758 2221 portum
800 2167 1092 2215 reduxerunt,
1132 2172 1179 2208 et
1218 2172 1456 2221 spectante

199 2234 415 2276 Saladino
435 2239 613 2275 caeterae
635 2246 731 2274 suae
752 2246 894 2275 naves
910 2238 962 2274 ut
979 2233 1226 2274 evaderent
1244 2234 1455 2275 litoribus

197 2300 450 2342 alliserunt.
521 2299 626 2350 Quo
662 2312 771 2340 casu
810 2300 876 2341 ita
914 2303 984 2340 est
1017 2303 1348 2348 consternatuS,
1387 2304 1454 2348 ut,

195 2367 392 2408 incensis
417 2365 637 2407 machinis
664 2370 711 2407 et
736 2365 887 2407 soluta
916 2365 1165 2414 obsidione,
1186 2364 1454 2414 discederet,

198 2432 309 2473 nihil
325 2432 516 2475 ulterius
529 2437 690 2474 contra
705 2431 893 2473 eandem
915 2432 1074 2472 urbem
1095 2443 1303 2471 ausurus.
1335 2430 1450 2471 Mox

195 2499 240 2539 in
270 2499 382 2540 fines
415 2498 724 2540 Antiochenos
756 2497 1112 2539 debacchantem
1135 2496 1360 2538 convertit
1380 2501 1454 2550 ty-

195 2564 446 2616 rannidem,
468 2569 514 2606 et
537 2568 675 2618 capta
696 2563 916 2605 Laodicia
940 2576 1042 2604 cum
1072 2562 1228 2604 multis
1251 2563 1454 2612 urbibus,

193 2632 340 2685 ipsam
364 2643 546 2685 quoque
566 2630 813 2671 maximam
841 2630 1072 2671 civitatem
1097 2629 1163 2670 ita
1186 2629 1455 2678 coarctavit,

557 2763 563 2782 ¹
590 2764 755 2804 Supplied
771 2763 852 2794 from
871 2763 944 2794 MS.
965 2762 1090 2794 Lansd.
