1866 3186
450 264 674 295 WAL'rssm
706 264 768 294 DE
799 264 1176 297 HRMINGBURGH.
1355 256 1440 298 231

169 380 288 409 anno
334 368 519 410 Domini
567 380 792 410 mcxcm.
863 369 1029 423 Sicque
1067 369 1139 411 leo
1183 369 1310 411 ferox
1357 371 1438 424 qui
1470 379 1653 440 2¹35&ss

174 433 331 475 vivens
358 434 402 475 in
427 448 617 488 corpore
638 448 717 476 cor
741 439 788 476 et
818 436 1019 476 animum
1050 435 1193 477 leonis
1225 435 1439 478 habuisse
1504 433 1511 440 ’
1545 433 1552 440 ’
1629 434 1636 441 ’

172 502 184 520 ‘
199 498 479 551 ferebatur‚'¹
502 514 584 554 per
612 501 886 542 industriam
907 501 1091 543 discreti
1123 502 1349 556 pontificis
1378 503 1437 544 ad

173 564 407 608 Christum
453 567 666 620 dirigitur
703 567 831 609 velut
870 579 1017 621 agnus
1061 568 1346 619 mitissimus,
1391 574 1438 610 et

170 633 397 684 poenitens
421 633 665 686 gloriosus.
726 631 902 674 Audito
928 633 1084 687 itaque
1105 647 1286 675 rumore
1314 647 1435 676 mor—

171 697 229 739 tis
252 698 352 752 ejus
377 699 422 739 in
443 699 570 740 curia
588 699 710 752 regis
737 698 945 740 Franciae
965 700 1115 752 gavisi
1137 705 1246 742 sunt
1266 700 1435 753 gaudio

170 776 339 820 magno
376 764 522 814 valde,
558 770 604 807 et
637 765 1080 817 congratulabantur
1110 765 1208 818 regi
1242 778 1327 807 suo
1365 765 1433 806 di-

170 838 340 880 centes,
361 829 711 872 “Gaudendum
741 834 812 871 est
839 830 937 880 tibi,
964 829 1004 871 Ο
1030 843 1126 881 rex,
1155 831 1265 884 quia
1288 830 1433 872 hostis

170 900 276 937 tuus
309 897 520 937 immanis
550 896 722 938 corruit
748 901 795 937 et
824 901 1031 937 mortuus
1064 896 1181 938 est.”
1252 895 1433 948 Quibus

167 974 266 1011 rex,
289 965 318 983 “
340 962 448 1003 Non
483 962 593 1004 mihi
619 966 632 984 ‘
650 960 881 1015 quidem'2
915 962 1206 1015 gaudendum
1245 967 1315 1004 est
1352 962 1430 1004 sed

167 1028 320 1080 potius
344 1028 689 1078 condolendum,
710 1029 820 1081 quia
842 1028 1014 1070 corruit
1036 1028 1247 1082 princeps
1271 1028 1435 1069 nobilis

166 1098 212 1134 et
242 1094 371 1135 miles
401 1095 626 1135 strenuior
651 1094 794 1136 totius
825 1093 1214 1145 Christianitatis3
1247 1099 1293 1135 et
1328 1094 1435 1136 licet

168 1159 214 1200 in
255 1172 339 1201 suo
378 1165 390 1183 ‘
413 1157 673 1214 tempore’³
711 1173 814 1201 eum
861 1160 918 1201 ad
963 1165 1145 1214 tempus
1189 1160 1433 1201 sensissem

166 1225 492 1276 adversarium,
527 1227 769 1280 sperabam
810 1231 963 1267 tamen
996 1239 1100 1267 eum
1132 1225 1243 1266 mihi
1276 1226 1434 1267 haberi

167 1303 302 1343 posse
343 1296 388 1333 et
426 1292 652 1333 hominem
692 1297 738 1333 et
773 1292 998 1333 amicum:
1044 1292 1175 1333 vobis
1207 1292 1344 1333 etiam
1385 1292 1433 1333 in

168 1362 314 1397 morte
354 1358 498 1410 ipsius
532 1357 702 1399 doloris
736 1357 927 1398 materia
964 1362 1067 1399 orta
1100 1362 1184 1407 est,
1213 1358 1321 1411 quia
1353 1359 1432 1411 qui

166 1427 326 1464 contra
357 1436 460 1464 eum
496 1427 543 1465 et
569 1422 809 1477 stipendiis
836 1423 949 1464 meis
973 1422 1246 1477 jamdudum
1277 1436 1431 1477 sump-

166 1489 424 1530 tuosissime
464 1489 712 1539 militastis,
743 1502 864 1531 nunc
895 1489 1091 1543 propriis
1122 1490 1316 1543 potestis
1348 1490 1430 1531 sti-

167 1554 342 1607 pendiis
386 1554 626 1598 militare.”
703 1555 763 1597 Et
802 1555 868 1596 sic
913 1555 1134 1596 licentiati
1177 1555 1431 1596 incidenter

166 1620 410 1663 doluerunt
449 1622 528 1675 qui
576 1622 815 1662 materiam
857 1620 1012 1662 solatii
1051 1621 1257 1662 intexere
1288 1622 1434 1662 ‘nite-

168 1685 389 1728 bantur.’⁴
451 1687 739 1729 Interfectori
760 1687 898 1728 etiam
929 1687 1073 1739 ipsius
1102 1687 1223 1739 regis
1245 1687 1434 1728 Ricardi

165 1753 272 1793 dum
323 1766 491 1806 magna
539 1766 588 1794 se
641 1753 859 1794 meruisse
909 1752 1179 1801 crediderat,
1222 1752 1288 1793 ait
1332 1766 1433 1803 rex,

164 1822 193 1840 “
213 1818 336 1869 Quia
378 1820 628 1873 principem
670 1818 1033 1860 strenuissimum
1077 1818 1299 1868 occidisti,
1342 1831 1434 1859 uon

166 1885 348 1938 quidem
379 1886 426 1926 in
459 1885 580 1927 bello
609 1885 689 1926 sed
721 1884 768 1926 in
803 1884 924 1934 dolo,
956 1884 1079 1925 mala
1116 1889 1262 1925 morte
1297 1883 1431 1925 mori-

165 1951 253 1991 eris
269 1951 316 1993 :’'
348 1952 674 2006 praecepitque,
697 1955 710 1973 ‘
725 1956 773 1992 et
802 1950 931 2004 equis
954 1955 1130 1991 tractus
1155 1949 1433 1992 dilaceratus

164 2026 250 2067 est,
271 2023 315 2059 et
338 2017 396 2059 ad
416 2018 568 2059 furcas
589 2014 894 2071 suspensus.'⁵

212 2181 276 2223 De
299 2181 558 2222 Primordiis
579 2180 702 2235 Beyis
721 2179 940 2229 Johannis,
962 2184 999 2220 et
1021 2178 1213 2234 quomodo
1233 2178 1381 2220 occidit

665 2243 914 2286 Arthurum.

232 2347 420 2388 Mortuo
463 2360 570 2400 rege
612 2345 813 2388 Ricardo
855 2349 902 2386 et
946 2343 1196 2397 sepulturae
1241 2342 1427 2393 tradito,
1447 2351 1524 2384 ltine
1536 2351 1635 2378 John’a

1445 2385 1588 2411 accession
1594 2407 1598 2411 .

163 2412 401 2454 Johannes
443 2412 584 2454 frater
618 2412 718 2466 ejus
753 2411 901 2452 sciens
941 2423 990 2451 se
1028 2422 1117 2450 non
1154 2408 1335 2450 admitti
1369 2408 1428 2450 ad

161 2492 351 2532 regnum
372 2491 400 2520 a
429 2478 720 2532 magnatibus
744 2481 879 2518 terrae
906 2474 1175 2529 Anglicanae
1196 2487 1299 2516 cum
1323 2487 1428 2528 pro-

217 2612 223 2625 ’
243 2618 253 2635 ‘
265 2615 393 2657 fertur‚'
411 2617 485 2649 MS.
502 2617 590 2649 Cott.
606 2617 682 2648 Tib.
858 2614 870 2632 ⁴
893 2615 903 2631 ‘
915 2610 1140 2652 videbantur,’
1159 2612 1235 2644 MS.
1253 2612 1378 2644 Lansd.

207 2683 220 2701 ²
242 2687 252 2703 ⁴
267 2683 400 2726 imum:
419 2685 493 2717 MS·
510 2684 600 2717 C0tt‘
614 2684 690 2716 Τὼ·
812 2658 1428 2746 Γαΐουἑ,υιῒιιῗᾳὲιιξοὲἔαξιξὲἓοῗιξὶεᾞῗιῖιῖῑ

204 2752 218 2773 ³
241 2753 406 2794 Supplied
422 2753 503 2785 from
517 2752 776 2785 MS.Cott.Tib,
813 2753 889 2785 MS.
910 2752 1033 2784 Lansd.
