1866 3186
485 284 710 316 WALTERI
744 286 805 315 DE
836 287 1212 319 H-EMINGBURGH.
1389 279 1475 320 165

208 393 331 430 stare
375 389 602 440 hostilem,
643 403 726 432 rex
763 391 882 432 enim
926 389 1204 433 Francorum
1242 405 1302 433 ex
1338 394 1470 446 parte
1501 403 1671 462 Ᾰιιὸὴειτιᾱθῗ-

208 455 346 495 turris
386 455 641 498 maledictae
685 469 785 498 cum
833 457 928 498 suis
977 458 1194 508 instabat,
1235 470 1318 499 rex
1362 471 1470 499 vero
1527 456 1533 462 '
1575 455 1581 462 “
1663 454 1670 462 ’

207 517 390 573 Angliae
415 535 474 562 ex
495 527 625 575 parte
645 523 793 564 altera
816 536 897 576 per
917 528 1084 564 terram
1109 528 1154 565 et
1177 536 1302 565 mare
1322 523 1471 565 diver-

203 585 266 626 sis
311 587 531 628 machinis
573 589 912 642 propugnabat,
957 587 1262 642 ‘tanquam,'¹
1306 590 1469 631 animis

204 651 396 706 collapsi
419 654 584 695 suimet
603 654 723 708 quod
740 654 885 695 solum
903 659 1115 708 poterant
1132 654 1469 708 providentiam

206 715 490 770 habuerunt;
530 720 745 773 pactique
765 723 872 760 sunt
892 720 1173 773 principibus
1193 721 1364 760 nostris
1386 734 1467 774 pro
1484 730 1583 770 Tezm·
1596 731 1627 770 οξ

203 782 313 824 vitae
343 797 439 825 suae
470 785 795 838 redemptione,
826 784 1144 838 promittentes
1175 785 1298 825 mille
1334 786 1463 838 quin·
1483 764 1674 796 mmmmm

202 854 365 901 gentos
394 849 757 892 Christianorum
791 849 847 891 de
869 849 1140 903 captivitate
1160 850 1378 892 liberatos
1407 852 1464 893 ad

202 919 373 956 certum
416 915 535 956 diem
581 916 820 957 restituere
862 928 963 956 cum
1013 916 1207 969 pecunia
1260 917 1462 971 copiosa.

201 979 328 1021 Huic
371 994 557 1022 suorum
610 981 887 1032 necessitati,
932 981 1191 1032 Saladinus‚
1237 983 1316 1035 qui
1359 996 1461 1025 cum

199 1045 376 1087 infinito
418 1048 623 1088 exercitu
661 1060 752 1088 non
789 1047 926 1100 longe
958 1048 1118 1089 aberat
1145 1052 1191 1089 et
1219 1049 1463 1091 subvenire

198 1124 290 1153 non
328 1118 525 1166 poterat,
562 1114 881 1154 auctoritatem
917 1114 1148 1166 praestitit,
1181 1119 1228 1155 et
1262 1114 1321 1154 ad
1365 1114 1462 1157 haec

198 1179 348 1220 omnia
385 1179 688 1231 persolvenda
735 1178 1007 1220 Christianis
1050 1179 1167 1220 diem
1207 1180 1460 1222 constituit.

200 1243 366 1297 Itaque
396 1246 687 1297 resignatam
710 1258 820 1286 mox
854 1245 1086 1286 civitatem
1123 1245 1357 1298 ingressus
1391 1252 1462 1288 est

194 1322 297 1350 cum
319 1314 332 1332 ‘
350 1311 634 1352 exultatione
657 1315 703 1352 et
719 1309 750 1331 ’²
778 1310 970 1351 solemni
991 1311 1245 1363 gratiarum
1280 1312 1461 1354 actione

194 1376 425 1417 exercitus
458 1376 776 1418 Christianus:
810 1389 1038 1418 armorum
1070 1381 1116 1417 et
1138 1377 1280 1418 variae
1304 1378 1458 1431 supel-

194 1441 360 1483 lectilis
383 1442 542 1495 ingens
567 1442 735 1483 ibidem
756 1442 891 1495 copia
918 1447 1100 1496 reperta
1121 1447 1206 1492 est,
1229 1455 1456 1484 escarum—

194 1519 283 1559 que
317 1508 563 1560 plurimum
607 1513 654 1550 et
693 1521 860 1561 opum:
892 1507 959 1549 illi
999 1521 1110 1550 vero
1156 1509 1235 1562 qui
1276 1508 1457 1551 fortiter

194 1572 425 1614 defensam
447 1579 494 1615 et
527 1587 649 1626 aegre
684 1574 869 1615 tandem
903 1574 1253 1627 resignaverant
1291 1574 1455 1626 civita-

194 1643 284 1679 tem
307 1644 319 1660 ‘
335 1641 420 1680 sub
435 1638 464 1660 '³
484 1639 803 1693 expectatione
824 1639 914 1680 diei
938 1652 966 1680 a
981 1639 1197 1681 Saladino
1218 1641 1454 1682 constituti

191 1706 495 1747 servabantur
540 1706 586 1746 in
625 1710 739 1746 tuto.
829 1705 1057 1758 Ingressis
1101 1706 1257 1759 itaque
1295 1707 1452 1747 urbem
1470 1726 1638 1753 Commio„

192 1772 375 1823 regibus
410 1772 537 1825 regia
567 1784 677 1812 mox
708 1771 881 1812 vexilla
915 1771 1168 1824 eriguntur,
1207 1772 1326 1813 inter
1349 1784 1452 1825 quae
1469 1760 1656 1831 ffissfflm

192 1837 411 1878 vexillum
436 1837 564 1879 ducis
589 1836 792 1878 Austriae
816 1837 1007 1890 erigitur
1037 1837 1084 1877 in
1103 1837 1324 1884 sublime;
1359 1850 1452 1890 quo
1466 1825 1613 1897 ssffftffig

191 1902 287 1944 viso
323 1916 406 1944 rex
437 1902 682 1952 Ricardus,
719 1903 940 1944 accersito
971 1900 1158 1943 ‘duce'⁴
1187 1903 1268 1952 ait,
1299 1906 1327 1925 “
1345 1902 1452 1954 Qua
1468 1891 1601 1917 R¹⁰¹¹⁸“¹’

189 1969 465 2010 auctoritate
493 1969 654 2019 fretus,
679 1968 753 2009 vel
784 1969 898 2009 ‘sub
913 1967 949 1990 '⁵
972 1981 1063 2021 quo
1087 1968 1270 2010 domino
1306 1972 1317 1990 ‘
1334 1969 1452 2010 mili-

188 2034 318 2084 tans,’
334 2030 351 2056 ⁶
371 2039 539 2077 terram
562 2039 690 2075 tuam
714 2039 857 2083 tenes,
888 2038 939 2075 ut
962 2047 1066 2075 cum
1090 2035 1188 2088 ipse
1213 2034 1307 2075 dux
1329 2038 1341 2056 ‘
1357 2033 1449 2076 et'⁷

188 2100 337 2141 adhuc
359 2113 437 2141 rex
451 2113 542 2141 non
565 2100 642 2150 sis,
658 2101 783 2152 regia
797 2104 949 2140 tamen
963 2100 1162 2153 insignia
1175 2113 1375 2154 occupas
1390 2102 1409 2141 2
1422 2101 1448 2117 '’

189 2166 261 2206 cui
275 2166 387 2215 dux,
410 2170 439 2188 “
458 2165 566 2206 Non
582 2166 639 2206 ab
655 2165 835 2206 homine
848 2169 1018 2205 terram
1039 2178 1186 2206 meam
1203 2171 1353 2215 teneo,
1367 2167 1447 2207 sed

190 2237 294 2284 post
314 2231 461 2272 solum
483 2231 732 2272 Dominum
752 2231 936 2271 beatum
962 2230 1150 2271 Petrum
1173 2231 1318 2284 ipsius
1341 2244 1448 2284 apo·

184 2297 352 2338 stolum
375 2298 652 2350 superiorem
679 2296 1001 2348 recognosco.'’
1065 2296 1125 2336 Et
1149 2298 1214 2337 ait
1234 2310 1333 2346 retr,
1355 2301 1383 2319 “
1398 2297 1446 2338 Si

187 2376 276 2403 non
301 2364 359 2404 ab
392 2363 573 2404 homine
609 2368 775 2404 terram
811 2367 936 2403 tuam
972 2367 1144 2411 teneas,
1170 2362 1369 2414 praedico
1400 2367 1446 2403 te

228 2546 236 2564 ¹
252 2546 262 2563 ⁴
275 2546 340 2585 ipsi
354 2546 456 2585 igitur
467 2546 596 2577 obsessi
608 2544 791 2585 tanquam:
873 2541 886 2562 ⁴
910 2543 920 2559 ‘
933 2542 1037 2583 duci,’
1052 2542 1154 2575 MSS.
1165 2542 1252 2574 Coll.
1262 2541 1358 2574 Arm.
1375 2542 1441 2574 and

181 2591 256 2623 MS.
277 2591 400 2623 Lansd.
827 2589 916 2621 Cott.
932 2589 1008 2621 Tib.
1075 2635 1081 2641 ¹

222 2727 235 2745 ³
259 2723 350 2764 ‘ab,'
379 2726 480 2758 MSS.
497 2726 584 2758 coll.
602 2727 697 2758 Arm.
723 2726 788 2757 and
827 2727 951 2759 Lansd.

176 2773 264 2804 Cott.
280 2773 356 2804 Tib.
871 2771 884 2791 ⁷
907 2772 1072 2813 Supplied
1087 2772 1169 2804 from
1187 2772 1261 2806 MS.
1281 2773 1404 2807 Lansd.
