1866 3186
403 252 461 293 28
892 265 1170 295 cnnomcom

199 380 319 405 wunam
333 379 374 404 11.
403 371 450 408 et
478 366 645 408 multos
677 380 736 408 ex
769 367 933 420 Anglis
968 373 1015 410 et
1050 368 1096 409 N
1099 368 1328 409 ormannis
1361 368 1513 421 gladio
1545 368 1662 420 peri-

189 413 376 495 affssffij‘
402 433 602 482 mebant,
642 446 732 474 non
766 439 1003 486 parcentes
1042 434 1175 475 sexui
1214 434 1286 475 vel
1325 435 1478 485 aetati3
1516 434 1661 486 frege-

188 503 344 567 iffigiffseessf
402 502 598 551 runtque
618 498 854 539 castellum
874 498 920 539 in
949 498 1164 540 Menevia
1189 499 1352 541 insula.
1421 499 1538 550 Quae
1559 513 1661 540 cum

189 578 313 604 wimam
331 586 371 603 re-
404 563 603 605 audisset
623 577 704 604 rex
733 564 948 605 festinato
976 564 1108 605 rediit
1127 564 1182 605 de
1205 564 1489 606 Normannia
1508 578 1661 607 mense

186 612 365 675 ῗέἷ-ἰῗιῖἑὲῗ
401 629 431 670 J
436 629 625 680 anuarii‚
647 634 692 671 ct
721 634 999 683 congregato
1020 630 1224 671 exercitu
1244 631 1444 683 perrexit
1462 631 1509 671 in
1529 631 1660 672 Wal—

186 678 385 709 ⁸¹¹²⁰¹⁸W²²¹⁶⁵'
400 694 584 745 Ioniam,
605 699 814 736 auctores
833 696 949 736 tanti
969 696 1077 738 mali
1093 695 1471 749 comprehendere
1489 696 1661 746 volens,

401 764 447 801 et
485 773 568 802 suo
607 761 646 801 si
684 766 837 814 posset
875 761 1009 803 modo
1041 762 1279 814 castigare.
1355 761 1444 802 Sed
1483 766 1661 803 mutata

401 830 470 867 est
494 826 535 867 ei
554 826 753 876 fortuna,
781 832 826 868 et
855 827 1135 880 propositum
1155 827 1240 868 hoc
1270 840 1361 867 non
1384 831 1453 868 est
1474 827 1531 868 ad
1553 833 1661 868 vota

400 892 703 945 completum3
754 905 859 933 nam
887 892 1054 934 multos
1083 893 1146 934 ibi
1172 893 1374 934 homines
1400 893 1595 945 perdidit
1615 898 1661 934 et

182 966 383 1025 ssur‘eitirffmd
400 970 555 1010 equos,
584 963 629 999 et
661 963 764 1011 post
795 963 984 1000 eventus
1014 958 1165 1000 varios
1190 959 1238 999 in
1267 957 1483 1010 Angliam
1508 971 1659 1000 rever—

309 1019 315 1025 ’
399 1035 476 1064 sus
509 1028 591 1072 est,
629 1029 681 1065 ut
715 1025 877 1065 iterum
907 1025 1110 1064 securius
1144 1029 1444 1065 reverteretur
1477 1024 1656 1065 ibidem.

398 1086 603 1130 Animati
635 1103 744 1131 vero
774 1090 1030 1131 Wallenses
1059 1094 1243 1142 propter
1271 1102 1496 1131 recessum
1524 1090 1661 1142 regis,

183 1163 381 1222 ffssssfffl‘g'ffl,
399 1154 632 1195 castellum
665 1155 721 1196 de
758 1155 1037 1209 Mungumry
1069 1155 1342 1196 obsederunt
1376 1155 1433 1196 ad
1463 1150 1657 1208 tempus,

181 1230 380 1261 bythewelsh.
399 1224 444 1260 et
466 1220 573 1261 viris
594 1221 672 1274 qui
691 1221 738 1261 in
768 1234 821 1261 eo
848 1221 1028 1262 fuerant
1053 1221 1314 1274 peremptis,
1333 1220 1445 1261 illud
1474 1221 1657 1263 tandem

184 1301 244 1326 rue
257 1301 335 1334 King
398 1285 680 1327 demoliendo
718 1286 963 1339 fregerunt.
1039 1287 1233 1340 Propter
1272 1286 1392 1339 quod
1432 1300 1514 1327 rex
1554 1293 1658 1340 post

182 1335 282 1359 makes
306 1343 323 1360 a
340 1343 382 1360 se-

182 1368 255 1392 cond
266 1369 381 1400 expedi-
397 1351 563 1392 festum
599 1352 755 1393 Sancti
786 1352 1026 1393 Michaelis
1057 1352 1321 1406 properavit
1354 1352 1519 1393 ibidem
1552 1366 1655 1393 cum

180 1400 241 1425 tion
253 1401 314 1426 into

181 1432 347 1472 yme⁸‚but
397 1417 616 1458 immenso
655 1418 875 1467 exercitu,
921 1422 966 1459 et
1003 1418 1182 1468 iterum,
1222 1423 1274 1459 ut
1323 1418 1463 1470 prius,
1503 1418 1657 1460 multis

181 1473 211 1524 ἷῗ)
221 1468 381 1526 Ῐεῗιῖἒῖῗιεᾱ
398 1482 653 1524 hominibus
695 1489 740 1525 et
782 1484 910 1536 equis
950 1483 1208 1537 deperditis,
1248 1484 1546 1536 ignominiose
1585 1498 1657 1525 re·-

398 1562 557 1590 versus
597 1554 680 1590 est.
753 1549 1015 1602 Iterumque
1057 1549 1104 1590 in
1138 1549 1343 1602 sequenti
1387 1562 1506 1591 anno
1545 1554 1557 1571 ‘
1573 1563 1656 1603 ag-

396 1614 616 1667 gressus’¹
638 1619 707 1656 est
735 1628 813 1656 eos
848 1620 952 1668 post
984 1615 1179 1663 Pascha,
1211 1620 1261 1655 ut
1290 1627 1446 1655 omnes
1476 1628 1656 1656 mascu-

395 1680 477 1721 lini
516 1694 656 1722 sexus
699 1682 871 1733 absque
913 1681 1007 1722 ullo
1043 1680 1221 1721 delectu
1258 1681 1526 1733 perimeret:
1574 1682 1653 1722 sed

395 1746 474 1787 vix
524 1746 758 1788 inveniens
807 1760 963 1788 eorum
1010 1746 1221 1799 aliquem,
1265 1751 1310 1787 et
1357 1759 1528 1799 paucos
1572 1747 1655 1789 ad-

394 1811 577 1852 modum
613 1813 812 1865 capiens,
841 1812 944 1866 plus
976 1812 1032 1853 de
1061 1813 1154 1853 suis
1186 1812 1379 1865 perdidit
1407 1825 1544 1865 quam
1574 1826 1653 1854 vo-

394 1877 616 1918 luntatem
646 1878 788 1931 ipsius
822 1878 1048 1930 explevit;
1101 1882 1147 1918 et
1177 1877 1241 1918 sio
1275 1877 1407 1918 rediit
1438 1878 1652 1919 confusus

394 1947 440 1983 et
459 1942 633 1984 illusus.
704 1942 792 1983 Sed
813 1948 917 1996 post
936 1943 1049 1983 duos
1079 1956 1222 1984 annos
1243 1947 1481 1995 sequentes
1502 1956 1653 1985 comes

396 2007 539 2060 Hugo
559 2009 615 2049 de
636 2012 649 2030 ‘
665 2007 992 2050 Schroverbers
1007 2007 1043 2031 ’²
1066 2022 1168 2049 cum
1191 2008 1392 2061 Hugone
1413 2010 1575 2050 comite
1596 2010 1652 2051 de

177 2087 301 2112 Theisie
315 2087 347 2112 or
395 2073 572 2115 Cestria
605 2074 864 2116 Meneviam
899 2074 1109 2124 insulam,
1149 2087 1252 2127 quae
1292 2074 1456 2115 dicitur
1477 2073 1649 2127 Angle-

175 2120 317 2178 232⁸ssssng
392 2152 513 2193 seye,
547 2153 649 2180 cum
682 2141 884 2181 exercitu
915 2140 1137 2190 adierunt,
1166 2145 1225 2189 et,
1256 2140 1423 2181 multos
1444 2140 1649 2181 Wallen-

391 2205 508 2245 sium
543 2206 831 2258 perimentes,
872 2210 1089 2258 ceperunt
1128 2206 1322 2247 insulam
1366 2206 1490 2246 illam
1531 2206 1647 2247 fece-

391 2276 588 2324 runtque
608 2271 752 2311 multa
778 2271 899 2312 mala
925 2272 971 2312 in
997 2272 1166 2324 populo
1187 2271 1278 2320 illo,
1301 2271 1521 2324 quosdam
1542 2284 1650 2313 vero

391 2336 579 2388 pedibus
613 2337 835 2378 truncatis
865 2342 910 2377 et
948 2337 1171 2386 manibus,
1213 2337 1433 2389 quosdam
1464 2337 1651 2378 abscisis

440 2478 448 2496 ¹
474 2477 618 2508 ‘Comes
650 2475 773 2508 North’
799 2477 1004 2517 aggressus,’
1038 2477 1072 2507 in
1087 2479 1181 2509 1098.
1208 2477 1264 2508 He
1274 2486 1346 2507 was
1356 2477 1540 2508 concerned
1551 2477 1585 2508 in
1594 2477 1650 2508 the

392 2522 467 2555 MS.
483 2522 571 2555 Cott.
583 2523 660 2555 Tib.
1035 2523 1141 2554 revolt
1176 2522 1214 2554 of
1247 2523 1372 2554 Robert
1402 2522 1579 2562 Mowbray
1616 2524 1650 2554 in

436 2567 449 2585 ²
471 2569 481 2585 ‘
497 2568 771 2608 Schrovesbury‚’
809 2569 885 2601 MS.
913 2568 1002 2600 Oott.
1038 2571 1119 2600 1095
1135 2569 1186 2599 for
1200 2569 1398 2607 dethroning
1409 2568 1556 2598 william
1581 2569 1647 2599 and

389 2614 465 2646 Tib.
508 2614 614 2654 Hugh
630 2615 672 2645 de
689 2615 934 2655 Montgomery,
950 2624 1003 2646 se-
1036 2615 1171 2654 placing
1200 2614 1346 2653 Stephen
1377 2614 1486 2644 Count
1515 2614 1552 2644 of
1577 2614 1649 2645 Au-

390 2661 475 2690 cond
500 2670 560 2691 son
587 2660 624 2691 of
648 2661 759 2700 Roger
780 2661 822 2691 de
848 2661 1002 2701 Montgo—
1035 2661 1122 2691 male
1145 2670 1186 2690 on
1209 2659 1264 2690 the
1282 2659 1421 2698 English
1445 2659 1570 2697 throne,
1588 2661 1648 2691 but

390 2715 493 2744 mery,
508 2706 693 2737 succeeded
722 2710 755 2737 to
777 2706 832 2737 the
854 2707 1000 2737 earldom
1035 2705 1190 2736 obtained
1213 2705 1339 2744 pardon
1362 2714 1403 2734 on
1419 2704 1474 2735 the
1491 2709 1648 2743 payment

388 2751 426 2781 of
436 2750 655 2790 Shrewsbury
672 2753 705 2782 in
724 2754 819 2791 1004,
835 2753 900 2782 aud
923 2752 1002 2783 died
1034 2751 1072 2782 of
1082 2760 1124 2782 an
1140 2751 1297 2781 immense
1313 2760 1386 2783 sum
1400 2750 1439 2781 of
1449 2760 1579 2791 money.
