1866 3186
470 267 694 298 WALTERI
727 267 789 297 DE
821 266 1199 297 HEMINGBURGH.
1367 254 1453 296 135

189 371 407 424 profugit,
447 377 493 413 et
532 372 578 413 in
618 373 792 414 tutiora
829 385 879 413 se
919 372 1022 413 loca
1057 371 1294 424 recipiens,
1339 383 1449 412 mox
1481 380 1640 439 {¹3¹3ssss

187 438 432 487 exercitus,
481 438 559 492 qui
607 451 711 480 eum
760 438 889 491 sequi
941 435 1190 489 videbatur,
1237 436 1446 479 defluxit.
1509 432 1516 439 ”
1555 433 1561 438 '
1641 433 1648 439 ⁰

187 503 318 545 Tunc
366 503 397 546 J
402 504 600 545 ohannes
648 504 843 546 filiorum
891 503 991 558 ejus
1038 504 1263 553 minimus,
1312 515 1447 557 quem
1463 523 1651 550 Johnrebeh.

187 570 427 610 tenerrime
455 569 687 623 diligebat,
723 570 910 612 recessit
944 571 1002 612 ab
1037 582 1107 620 eo,
1140 583 1197 611 ne
1230 570 1445 611 fratribus

186 634 416 676 dissimilis
465 642 512 677 et
562 636 710 677 minus
764 635 906 677 frater
955 635 1199 678 videretur.
1269 635 1445 677 Hostes

186 706 338 741 autem
359 702 470 742 urbe
495 701 828 755 Cynomanensi
853 714 956 742 cum
983 713 1089 742 arce
1114 701 1265 754 potiti,
1284 701 1443 745 urbem

185 779 294 808 vero
327 767 600 809 Turonicam
632 780 735 808 cum
769 780 874 808 arce
911 766 1011 820 ejus
1046 771 1443 819 expugnaverunt,
1459 781 1657 807 monumen.

185 836 197 853 ‘
214 832 291 873 de’
308 831 319 853 ¹
348 833 596 874 obsidenda
626 845 807 886 quoque
839 833 949 873 urbe
981 830 1307 885 Andegavensi
1332 844 1442 872 con-

183 903 425 950 sequenter
478 896 815 941 ‘tractantes.’2
881 897 974 939 Tot
1020 910 1130 951 ergo
1177 897 1311 938 malis
1355 910 1439 939 rex

182 962 436 1017 Anglorum
482 965 663 1015 anxius,
705 969 751 1006 et
789 964 988 1005 maxime
1028 977 1087 1005 ex
1124 963 1319 1017 junioris
1362 963 1442 1005 filii

180 1029 431 1071 defectione
458 1031 608 1072 animo
637 1031 836 1081 saucius,
865 1043 924 1071 ex
954 1029 1100 1071 multa
1131 1029 1442 1071 moestitudine

182 1095 351 1137 febrem
389 1096 654 1138 accersivit:
696 1109 790 1150 qua
819 1096 1126 1139 invalescente
1157 1093 1315 1149 ‘pet-’³
1343 1096 1440 1138 dies

181 1161 357 1215 aliquot
377 1163 497 1216 apud
518 1166 531 1184 ‘
547 1162 799 1204 Chinonem
813 1163 824 1178 ²
837 1162 854 1183 ⁴
877 1163 1020 1204 vitam
1042 1162 1214 1211 finiens,
1235 1161 1355 1202 diem
1375 1162 1438 1203 ibi
1457 1182 1549 1221 »φη
1561 1183 1594 1207 of

180 1227 345 1270 clausit
373 1234 642 1270 extremum.
714 1228 854 1270 Hunc
885 1227 1020 1269 finem
1052 1227 1211 1269 habuit
1241 1227 1439 1281 inclytus
1455 1215 1640 1279 {gffissgssf'

178 1292 254 1334 ille
294 1307 377 1335 rex
415 1294 661 1345 Henricus,
709 1295 829 1336 inter
871 1307 1002 1347 reges
1047 1294 1169 1336 orbis
1216 1298 1439 1335 terrarum
1456 1282 1612 1347 ffffg‘ssffl'

178 1360 586 1402 nominatissimus:
619 1366 666 1402 et
702 1360 816 1401 nulli
846 1373 1001 1401 eorum
1036 1360 1109 1401 vel
1144 1359 1440 1413 amplitudine

177 1437 314 1478 opum
357 1426 430 1468 vel
471 1426 690 1468 felicitate
728 1439 1021 1468 successuum
1055 1425 1194 1479 paulo
1227 1430 1334 1467 ante
1368 1439 1439 1467 se-

178 1492 369 1534 cundus.
441 1492 616 1533 Hostes
655 1505 779 1542 vero,
822 1492 978 1534 audito
1010 1492 1096 1533 hoc
1136 1491 1439 1543 incommodo,

178 1557 298 1599 bella
350 1558 710 1611 suspenderunt3
772 1571 1015 1612 comesque
1084 1558 1314 1600 Ricardus
1370 1558 1440 1599 in-

179 1624 369 1675 gemuit,
402 1628 475 1665 ‘et
506 1624 565 1665 ad
599 1624 876 1678 expiandum
892 1621 920 1645 ’⁵
954 1623 1076 1678 quod
1106 1625 1278 1665 viventi
1317 1625 1439 1677 patri

178 1689 326 1730 minus
362 1688 588 1731 officiosus
626 1690 859 1739 extiterat,
894 1690 941 1730 in
978 1688 1124 1730 officio
1158 1690 1336 1743 paterni
1366 1689 1437 1730 fu-

178 1756 298 1796 neris
335 1755 409 1796 vel
443 1768 545 1796 sero
582 1769 631 1796 se
669 1755 811 1796 filium
844 1756 1172 1808 comprobavit.
1262 1755 1438 1796 Hostes

178 1833 359 1875 quoque
391 1822 470 1874 qui
498 1821 740 1863 excellenti
759 1822 918 1874 gloriae
942 1821 1043 1876 ejus
1072 1826 1118 1862 et
1140 1821 1299 1863 virtuti
1318 1833 1436 1862 sem-

177 1899 258 1939 per
283 1887 553 1936 inviderant,
575 1888 829 1929 extinctum
860 1887 1137 1929 lamentasse
1159 1891 1205 1928 et
1224 1886 1438 1928 laudasse

175 1952 411 1995 dicuntur:
458 1954 750 2007 omniumque
790 1954 998 1994 sensibus
1037 1954 1297 2007 expositum
1339 1958 1439 1994 erat

175 2025 348 2072 quanta
366 2020 426 2061 sit
447 2020 625 2061 vanitas
649 2025 788 2073 atque
807 2019 991 2061 fallacia
1014 2019 1299 2060 excellentiae
1321 2024 1435 2060 tem-

174 2086 358 2137 poralis,
390 2098 492 2126 cum
518 2085 645 2126 illum
669 2085 748 2138 qui
774 2085 912 2138 paulo
933 2091 1040 2127 ante
1065 2091 1220 2127 tantus
1249 2086 1297 2126 in
1328 2085 1436 2126 orbe

175 2150 416 2192 refulserat
440 2156 533 2192 tam
565 2151 834 2192 miserabilis
866 2152 1018 2192 subito
1050 2164 1184 2192 casus
1220 2152 1434 2204 absump-

176 2216 324 2258 sisset.
398 2215 576 2270 Corpus
603 2216 718 2270 ejus,
739 2222 875 2270 prout
901 2217 999 2270 ipse
1029 2217 1076 2257 in
1106 2218 1323 2258 extremis
1358 2217 1435 2270 pia

175 2282 415 2324 devotione
438 2282 709 2332 dictaverat,
731 2282 788 2323 ad
820 2282 933 2323 illud
963 2282 1187 2323 famosum
1218 2287 1264 2323 et
1284 2282 1434 2323 nobile

176 2349 499 2389 monasterium
527 2348 814 2390 foeminarum
842 2348 964 2402 quod
1001 2348 1337 2391 Fons-ebraudi
1371 2347 1433 2388 di-
1449 2363 1502 2387 and
1517 2362 1610 2394 sepul-

176 2414 309 2464 citur,
336 2418 348 2435 ‘
364 2414 684 2468 deportatum‚'
727 2409 745 2436 ⁶
768 2415 950 2465 ibidem,
986 2414 1287 2468 praesentibus
1328 2413 1433 2455 filiis
1448 2398 1641 2455 ffit‘gssmmt.

220 2566 228 2585 ¹
253 2570 262 2586 ‘
279 2579 355 2600 mox
371 2572 481 2600 autem
492 2566 558 2609 de,'
570 2569 645 2601 MS.
659 2569 781 2600 Lansd.
863 2567 876 2586 ⁶
897 2569 1006 2601 These
1044 2568 1135 2600 three
1173 2569 1285 2600 words
1321 2568 1435 2600 follow

218 2615 231 2634 ²
254 2615 264 2632 ⁴
281 2615 528 2655 tractaverunt,’
545 2615 620 2646 MS.
638 2615 760 2646 Lansd.
817 2616 973 2647 extiterat
988 2616 1022 2646 in
1039 2615 1139 2647 MSS.
1153 2614 1240 2647 Con.
1257 2616 1353 2647 Arm.
1369 2615 1436 2647 and

219 2661 232 2680 ³
252 2662 262 2678 ‘
279 2661 377 2702 post‚'
394 2662 467 2693 MS.
486 2661 609 2693 Lansd.
819 2661 907 2694 Cott.
923 2662 998 2694 Tib.

220 2709 231 2727 4
255 2709 265 2725 ⁴
463 2704 473 2717 ’
535 2709 542 2717 ¹
612 2708 619 2730 ε

171 2754 236 2786 and
253 2709 463 2787 egei-¹133),
483 2707 676 2740 MSSLOH.
688 2707 782 2739 Arm.
865 2750 878 2770 ⁶
901 2755 908 2769 ‘
923 2752 1135 2793 deportatum
1146 2748 1417 2792 est‚'MS.Lansd
1428 2761 1435 2769 ·
