1866 3186
467 316 692 347 WALTERI
725 316 788 345 DE
820 315 1197 347 HEMINGBURGH.
1393 303 1452 346 33

185 419 404 462 doctrinae
434 421 713 474 evangelicae
740 421 872 475 quasi
902 421 1075 462 derisor
1111 420 1316 470 effectus,
1338 425 1450 461 tem-

182 486 351 538 poralis
367 487 525 539 gloriae
541 488 778 541 voluptate
790 487 1082 529 vehementer
1098 487 1343 540 absorptus
1360 491 1446 528 est.

499 614 563 655 De
584 615 721 656 Illorte
751 614 949 656 Willelmi
976 615 1114 670 Reyis.

1479 427 1603 454 Willinm
1618 428 1658 453 11.

1480 462 1514 486 A.
1528 461 1564 486 D.
1579 462 1654 486 1100.

251 689 426 731 Verum
462 691 570 732 dum
604 692 651 733 in
690 692 863 733 oriente
899 705 927 733 a
976 691 1146 732 nostris
1185 691 1449 744 proceribus
1469 713 1600 738 nurum

186 755 365 797 fortiter
392 763 530 811 atque
561 757 752 799 feliciter
781 762 1011 810 ageretur,
1041 756 1129 797 iste
1165 769 1247 797 rex
1278 761 1447 807 noster,

185 822 541 875 propellentibus
571 836 674 864 eum
698 823 756 864 ad
783 823 1019 864 interitum
1044 821 1177 862 malis
1203 822 1314 872 suis,
1338 835 1447 864 con·

186 888 372 940 dignum
395 888 624 930 effrenatae
645 889 869 942 superbiae
885 888 1021 930 finem
1036 887 1225 929 incurrit
1242 901 1253 940 ;
1279 901 1386 929 nam
1402 889 1447 930 in

184 954 426 995 venatione
452 968 552 1004 sua,
577 955 749 1008 sagitta
778 955 950 1009 proprii
978 954 1150 1004 militis,
1171 954 1307 996 homo
1330 954 1449 996 fero-

183 1019 391 1062 cissimus
415 1034 497 1074 pro
527 1021 623 1063 fera
652 1021 890 1063 confossus
919 1021 1105 1063 interiit.
1176 1020 1300 1061 Dum
1331 1021 1450 1062 enim

183 1086 230 1126 in
262 1086 399 1128 Nova
437 1087 645 1137 Foresta,
678 1101 782 1141 quae
821 1086 1016 1141 Anglice
1046 1086 1233 1129 Ythene
1266 1087 1450 1138 dicitur,

186 1157 356 1193 venatu
374 1153 535 1194 fuisset
556 1159 822 1207 occupatus,
841 1166 868 1194 a
887 1153 1086 1207 quodam
1106 1153 1249 1195 milite
1273 1153 1451 1194 Franco

188 1218 430 1268 waltero)
472 1220 741 1273 cognomine
791 1219 978 1269 Tirello,
1042 1219 1213 1272 sagitta
1268 1219 1451 1261 incaute

1466 746 1551 771 killed
1566 747 1600 778 by
1613 753 1649 770 an

1466 786 1564 806 arrow.
1575 779 1602 804 in
1616 780 1667 804 the

1468 812 1650 838 NewForest.

185 1285 358 1326 directa
390 1299 649 1338 percussus,
680 1287 823 1328 vitam
857 1286 1005 1327 finivit
1040 1290 1087 1327 et
1125 1285 1334 1338 gloriam,
1368 1286 1454 1327 sci-
1495 1292 1497 1295 “

187 1350 293 1392 licet
333 1357 498 1404 quarto
517 1350 534 1373 ²
577 1365 720 1393 nonas
760 1351 976 1405 Augusti,
1011 1351 1124 1392 feria
1173 1352 1348 1405 quinta,
1407 1356 1453 1393 et
1471 1365 1628 1395 numm,

187 1417 470 1458 Wintoniam
511 1418 777 1471 deportatus
814 1418 861 1458 in
903 1418 1094 1459 ecclesia
1136 1418 1284 1459 sancti
1326 1417 1454 1459 Petri

189 1484 397 1537 sepultus
429 1490 512 1527 est.
585 1484 641 1525 In
673 1484 832 1526 eodem
862 1497 972 1526 vero
1004 1484 1105 1525 loco
1136 1497 1227 1537 quo
1257 1497 1342 1525 rex
1378 1497 1453 1526 oc-

189 1550 362 1600 cubuit,
398 1551 558 1604 priscis
596 1551 876 1605 temporibus
909 1550 1102 1592 ecclesia
1151 1550 1301 1592 fuerat
1348 1563 1454 1592 con-

191 1621 398 1668 structa3
435 1617 513 1658 sed
548 1621 752 1671 tempore
781 1617 926 1671 patris
956 1617 1027 1658 sui
1058 1630 1214 1658 omnes
1236 1617 1455 1667 ecclesiae,

191 1695 295 1722 cum
319 1687 420 1723 tota
440 1683 520 1724 illa
544 1683 709 1735 patria,
731 1684 775 1723 in
796 1683 1086 1724 solitudinem
1111 1688 1219 1724 sunt
1243 1683 1456 1732 redactae,

192 1754 238 1789 et
270 1748 409 1790 fiebat
439 1749 604 1790 ibidem
636 1749 763 1802 regia
786 1749 971 1790 foresta.
1043 1748 1099 1790 In
1131 1748 1290 1790 eadem
1319 1749 1458 1790 etiam

195 1814 365 1856 foresta
406 1828 650 1868 germanus
686 1815 807 1868 regis
842 1819 855 1838 ‘
873 1815 1118 1866 Ricardus,
1155 1813 1326 1855 filius’³
1362 1815 1458 1856 Ro-

195 1881 312 1922 berti
344 1881 521 1922 comitis
566 1881 878 1931 Normanniae,
928 1881 1035 1922 dum
1081 1886 1130 1922 et
1181 1881 1279 1934 ipse
1320 1881 1459 1934 paulo

194 1952 300 1988 ante
330 1946 377 1987 in
408 1947 649 1989 venatione
683 1946 859 1997 fuisset,
893 1960 922 1988 a
958 1960 1041 1988 suo
1075 1947 1284 1988 similiter
1317 1947 1460 1988 milite

194 2013 369 2066 sagitta
402 2027 646 2067 percussus
680 2014 908 2056 occubuit.
998 2013 1074 2063 Et,
1107 2013 1355 2054 secundum
1384 2014 1460 2068 ju-

195 2079 363 2120 dicium
399 2080 571 2133 populi,
601 2080 803 2122 vindicta
833 2080 921 2121 Dei
950 2079 1036 2121 fuit
1067 2079 1180 2129 haec,
1205 2079 1316 2134 quia
1347 2085 1461 2121 tem-

195 2146 384 2198 poribus
418 2146 632 2187 Edwardi
661 2146 782 2199 regis
813 2152 859 2188 et
890 2146 1083 2187 aliorum
1111 2159 1272 2200 regum
1303 2146 1463 2188 eadem

195 2212 348 2265 patria
389 2212 639 2254 cultoribus
679 2213 768 2254 Dei
807 2217 853 2254 et
891 2212 1092 2253 ecclesiis
1143 2213 1286 2254 sacris
1330 2214 1463 2254 uber-

194 2278 309 2319 rime
344 2279 598 2330 renitebat3
639 2279 734 2329 sed,
770 2284 822 2320 ut
854 2279 1027 2320 dictum
1059 2283 1144 2329 est,
1174 2278 1310 2333 jussu
1343 2278 1461 2320 Wil-

195 2344 319 2385 lelmi
355 2345 476 2398 regis
513 2346 704 2386 senioris
739 2345 995 2386 hominibus
1032 2344 1219 2397 sugatis,
1253 2344 1462 2385 domibus

246 2475 253 2493 ¹
279 2477 407 2508 Walter
432 2487 470 2507 or
496 2477 652 2509 Gaultier
665 2478 769 2517 Tirel,
792 2487 813 2508 a
897 2475 910 2494 ²
931 2477 1013 2508 This
1022 2477 1100 2508 date
1116 2477 1145 2508 is
1161 2476 1343 2516 supported
1355 2477 1398 2515 by
1411 2476 1466 2507 the

196 2523 326 2554 French
343 2523 486 2562 knight3
502 2523 574 2554 also
586 2523 695 2554 called
707 2523 814 2555 Gaul·
849 2524 961 2554 Saxon
985 2522 1176 2563 Chronicle,
1202 2522 1379 2562 Hoveden,
1394 2522 1465 2553 An-

193 2570 259 2600 tier
274 2569 315 2600 (le
335 2569 422 2600 Poix
440 2569 523 2600 from
548 2569 600 2600 his
622 2570 814 2608 possessing
849 2569 922 2600 nals
939 2569 1172 2609 osWaverley,
1192 2569 1257 2600 and
1281 2569 1336 2600 the
1359 2569 1467 2600 Monk

195 2616 367 2646 extensive
384 2615 482 2646 lands
498 2616 532 2646 in
548 2615 604 2646 the
621 2618 760 2655 country
781 2615 819 2646 of
849 2615 886 2646 os
895 2615 1062 2647 Durham.
1095 2616 1243 2647 william
1254 2615 1293 2647 of
1305 2615 1466 2647 Malmes-

199 2662 299 2702 Poix,
323 2661 389 2693 and
417 2662 451 2692 in
470 2661 649 2694 Ponthieu.
696 2663 816 2701 Suger,
852 2662 949 2701 bury,
965 2662 1031 2693 and
1046 2661 1102 2693 the
1119 2662 1249 2693 Annals
1260 2662 1299 2692 of
1316 2661 1467 2693 Dunsta-

197 2718 217 2739 a
243 2712 497 2748 contemporary
523 2707 698 2748 histor-iau,
726 2708 815 2748 posi·
851 2708 918 2748 ple,
934 2708 1102 2748 however,
1117 2711 1203 2739 state
1218 2707 1291 2739 that
1306 2707 1362 2739 the
1375 2708 1467 2748 King

197 2754 300 2794 tively
316 2754 470 2786 declares
486 2754 558 2785 that
572 2754 663 2785 Tirel
673 2764 745 2786 was
762 2757 817 2785 not
851 2763 924 2785 was
940 2754 1026 2786 slain
1042 2764 1085 2786 on
1100 2754 1155 2786 the
1173 2757 1224 2786 lst
1239 2754 1278 2786 of
1288 2755 1438 2795 August.

198 2801 383 2832 concerned
400 2801 434 2832 iu
450 2800 505 2832 the
518 2800 638 2842 King’s
654 2800 766 2833 death.
901 2798 914 2818 ³
937 2801 947 2818 ‘
961 2800 1097 2833 Ricardi
1108 2801 1191 2842 filiis
1204 2801 1279 2832 MS.
1293 2800 1382 2833 Cott.
1392 2800 1467 2833 Tib.

269 2877 372 2907 v01...
409 2877 439 2908 1.
1241 2879 1270 2908 D

1443 1419 1452 1427 .
1472 1399 1584 1431 August
1594 1399 1619 1423 2.
