1866 3186
187 383 283 414 Henry
296 382 353 409 111.

188 418 222 441 A.
234 416 267 440 D.
283 417 359 442 1253.

387 259 475 301 286
875 269 1151 301 cnaomoon

389 378 562 414 sanctae
583 372 744 414 matris
765 371 970 413 ecclesiae
991 378 1346 425 sequestramus,
1369 386 1526 414 omnes
1547 373 1651 415 illos

389 439 468 492 qui
490 438 655 480 amodo
691 437 886 480 scienter
919 441 965 478 et
995 437 1221 479 malitiose
1248 439 1463 480 ecclesias
1499 439 1652 492 priva-

389 504 540 546 verint
558 503 631 545 vel
656 503 955 557 spoliaverint
976 515 1060 544 suo
1077 503 1210 558 jure:
1242 504 1351 545 item
1367 517 1524 546 omnes
1546 505 1650 545 illos

390 570 469 623 qui
508 569 844 611 ecclesiasticas
883 569 1119 610 libertates
1153 568 1227 609 vel
1263 570 1477 623 antiquas
1519 571 1650 623 regni

390 634 744 676 consuetudines
770 635 1066 688 approbatas,
1087 638 1133 675 et
1156 635 1387 688 praecipue
1411 634 1649 677 libertates

390 706 436 741 et
451 701 618 742 liberas
636 700 987 742 consuetudines
1005 713 1108 753 quae
1123 700 1169 741 in
1188 700 1327 741 cartis
1344 701 1650 742 communium

389 766 650 808 libertatum
681 771 728 807 et
752 767 809 807 de
835 766 1006 807 foresta
1031 766 1335 816 continentur,
1364 766 1591 807 concessis
1622 779 1651 808 a

389 832 572 873 domino
592 845 713 885 rege,
744 831 1111 885 archiepiscopis,
1140 832 1382 885 episcopis,
1404 837 1450 873 et
1473 833 1651 874 caeteris

388 896 573 950 Angliae
596 897 815 951 praelatis,
837 898 1093 946 comitibus,
1121 898 1385 947 baronibus,
1413 898 1650 949 militibus,

389 967 435 1003 et
463 963 605 1004 libere
639 963 914 1012 tenentibus,
946 975 1218 1016 quacunque
1241 969 1339 1004 arte
1362 963 1437 1005 vel
1467 963 1650 1016 ingenio
1671 965 1721 1003 10

387 1028 675 1077 violaverint,
712 1027 994 1081 infregerint,
1026 1028 1332 1079 diminuerint,
1367 1042 1448 1070 seu
1485 1030 1651 1070 immu-

387 1094 604 1143 taverint,
637 1093 754 1135 clam
782 1094 855 1135 vel
885 1094 1054 1147 palam,
1085 1094 1225 1143 facto,
1256 1096 1412 1145 verbo,
1444 1094 1516 1136 vel
1547 1108 1651 1136 con-

389 1159 506 1209 silio,
527 1164 690 1201 contra
724 1159 829 1200 illas
853 1159 927 1200 vel
951 1172 1107 1201 earum
1140 1160 1339 1214 aliquam
1369 1161 1415 1201 in
1448 1174 1652 1214 quocun-

387 1238 476 1278 que
508 1226 703 1267 articulo
739 1233 906 1266 temere
935 1226 1185 1268 veniendo:
1217 1226 1324 1267 item
1359 1239 1515 1268 omnes
1546 1226 1650 1268 illos

388 1291 466 1344 qui
519 1296 677 1332 contra
728 1291 832 1333 illas
884 1291 955 1332 vel
1011 1304 1166 1333 earum
1217 1291 1418 1345 aliquam
1473 1297 1650 1333 statuta
1671 1293 1719 1330 15

387 1355 621 1410 ‘aliqua’1
658 1357 882 1398 ediderint
918 1357 991 1398 vel
1029 1357 1152 1398 edita
1192 1357 1491 1406 servaverint,
1531 1361 1543 1378 ‘
1561 1362 1607 1398 et
1622 1358 1649 1379 ’¹

388 1422 737 1463 consuetudines
772 1422 1127 1472 introduxerint,
1157 1422 1229 1463 vel
1266 1423 1550 1464 servaverint
1579 1423 1648 1464 in-

387 1488 640 1537 troductas,
662 1488 907 1540 scriptores
932 1492 1224 1537 statutorum,
1246 1500 1423 1529 necnon
1454 1492 1467 1509 ‘
1484 1488 1651 1529 consil-

386 1552 604 1594 iatores'2
645 1558 691 1594 et
726 1557 1011 1603 executores,
1045 1552 1158 1594 ‘et’²
1197 1553 1275 1606 qui
1313 1554 1561 1594 secundum
1593 1567 1649 1595 ea

385 1619 758 1672 praesumpserint
797 1618 1030 1672 judicare:
1076 1619 1155 1671 qui
1197 1632 1353 1660 omnes
1394 1623 1440 1660 et
1479 1620 1649 1672 singuli
1666 1620 1719 1658 20

385 1685 594 1737 superius
621 1685 860 1726 memorati
880 1684 997 1725 hanc
1018 1685 1291 1726 sententiam
1315 1685 1578 1726 incursuros
1598 1698 1648 1726 se

386 1751 595 1791 noverint
629 1751 729 1804 ipso
757 1750 880 1791 facto
910 1751 988 1804 qui
1031 1751 1227 1792 scienter
1258 1751 1430 1805 aliquid
1460 1751 1647 1792 commi-

386 1816 527 1857 serint
540 1816 596 1857 de
608 1816 865 1869 praedictis3
894 1816 972 1869 qui
988 1829 1097 1857 vero
1117 1817 1399 1869 ignoranter,
1413 1816 1498 1857 nisi
1522 1829 1647 1858 com-

386 1882 546 1923 moniti
566 1882 685 1923 infra
705 1882 980 1936 quindenam
1003 1895 1031 1922 a
1057 1886 1260 1934 tempore
1282 1882 1647 1923 commonitionis

385 1960 434 1987 se
459 1948 741 1988 correxerint
761 1952 806 1988 et
829 1947 1019 1988 arbitrio
1043 1947 1371 1988 ordinariorum
1395 1947 1645 1989 ‘satisfece-
1664 1951 1715 1987 25

385 2007 524 2053 rint’³
558 2012 614 2053 de
657 2012 926 2063 commissis,
962 2016 1132 2053 extunc
1172 2012 1263 2054 sint
1293 2012 1379 2054 hac
1417 2014 1646 2054 sententia

384 2077 604 2119 involuti:
636 2078 794 2119 eadem
815 2078 951 2118 etiam
975 2078 1202 2119 sententia
1224 2078 1496 2119 innodamus
1520 2078 1645 2120 ‘illos

385 2140 600 2196 quiqui'4
645 2156 804 2197 pacem
846 2144 969 2196 regis
1010 2148 1056 2184 et
1100 2144 1228 2197 regni
1274 2145 1646 2198 praesumpserint

384 2210 666 2262 perturbare.
720 2209 777 2250 In
799 2209 871 2264 cuj
879 2221 932 2251 us
952 2210 1017 2250 rei
1038 2210 1300 2251 memoriam
1320 2210 1643 2263 sempiternam

1695 632 1720 667 Q(

385 2287 468 2316 nos
488 2275 621 2328 signa
640 2279 796 2316 nostra
820 2279 834 2297 ‘
850 2275 1063 2316 duximus
1077 2273 1114 2297 '⁵
1137 2269 1445 2328 apponenda.⁶
1662 2282 1714 2319 30

433 2431 441 2451 ¹
464 2431 626 2463 Omitted.
1029 2434 1070 2463 3⁷
1088 2431 1178 2463 Heu.
1191 2431 1262 2463 III.
1282 2442 1325 2464 m.
1355 2435 1408 2464 12.
1429 2433 1541 2473 dorso,
1562 2443 1601 2465 as
1617 2434 1645 2465 it

426 2475 441 2497 ⁹
462 2478 472 2495 ‘
484 2478 719 2509 consiliarios?
1028 2478 1213 2509 elucidates
1228 2479 1356 2510 several
1366 2488 1528 2518 passages
1544 2480 1577 2510 in
1587 2480 1643 2511 the

425 2522 439 2543 ³
460 2524 471 2542 ‘
484 2524 580 2563 plene
597 2523 842 2555 satisfecexintl
1027 2525 1132 2555 above
1159 2524 1322 2555 Sentence
1346 2524 1385 2555 of
1404 2525 1644 2556 Excommuni·

425 2569 439 2589 ⁴
461 2570 471 2587 ⁴
482 2579 595 2601 omnes
611 2570 688 2601 illos
704 2570 786 2609 qui!
1028 2571 1139 2602 cation
1153 2569 1332 2602 otherwise
1348 2571 1434 2602 dark
1446 2571 1512 2602 and
1524 2571 1644 2602 almost

425 2615 438 2633 ⁶
460 2616 470 2633 ‘
481 2616 704 2655 praesentibus
720 2615 904 2647 duximus!
1028 2616 1268 2655 inexplicable.

425 2660 438 2679 ⁶
459 2662 530 2693 The
554 2662 726 2701 following
741 2664 868 2700 protest
883 2662 913 2692 is
937 2665 994 2692 not
1073 2662 1096 2679 “
1109 2662 1273 2692 Noverint
1296 2662 1445 2692 universi
1470 2662 1560 2700 quod
1583 2661 1641 2692 do-

379 2708 476 2746 given
501 2708 535 2737 in
553 2707 832 2747 Hemingburgh:
856 2708 882 2738 it
898 2708 926 2738 is
943 2708 992 2737 in·
1027 2709 1137 2739 minus
1164 2707 1336 2739 Henricus
1361 2717 1421 2738 rex
1445 2707 1579 2747 Angliae
1602 2706 1642 2736 il-

378 2753 487 2784 serted
511 2753 599 2792 here,
626 2753 707 2784 from
732 2753 788 2784 the
814 2754 889 2784 Rot.
916 2754 993 2786 Pat.
1026 2754 1155 2792 lustris,
1182 2754 1223 2785 R.
1249 2763 1359 2784 comes
1391 2753 1584 2784 Norffolciae
1608 2756 1641 2783 et
