1866 3186
197 396 319 422 William
334 398 357 423 1.

201 429 234 454 A.
248 430 278 454 D.
293 431 367 455 1069.

178 658 258 682 A.1).
274 658 347 683 1070.

181 705 304 731 william
317 707 376 738 lays

182 742 269 764 waste
281 740 329 764 the

180 774 334 803 countryas
341 772 384 797 far

180 810 212 828 as
225 805 273 830 the
285 805 373 836 Tyne.

186 1179 290 1210 Bishop
304 1179 383 1210 Egel-

184 1212 262 1237 win’s
275 1213 356 1243 ssight

183 1246 255 1270 from
267 1245 340 1270 Dur-

183 1278 264 1308 ham;

188 2024 233 2050 his
242 2026 349 2052 return.

393 272 451 314 12
881 281 1160 312 cnRoNJcoN

396 386 506 427 dum
536 386 808 437 reservatis;
845 387 1107 439 reversique
1127 392 1235 427 sunt
1262 385 1383 426 Dani
1413 386 1459 426 in
1484 389 1651 438 terram

398 451 551 492 suam¹
573 456 620 492 et
636 450 1047 491 Northumbrenses
1067 452 1114 491 in
1137 451 1288 492 locum
1309 464 1456 492 suum.
1517 449 1652 501 Quod

399 529 503 558 cum
534 516 736 556 audisset
763 529 845 556 rex
867 516 1014 556 iratus
1039 521 1109 556 est
1134 515 1285 564 valde,
1305 522 1352 557 et
1371 521 1652 569 congregato

400 581 606 622 exercitu
642 581 828 634 copioso
869 580 1242 621 Northumbriam
1279 581 1406 631 adiit,
1440 582 1654 622 devasta-

401 647 557 700 vitque
597 658 697 687 eam
739 660 822 700 per
859 650 1004 688 totam
1043 645 1235 686 hiemem
1267 641 1566 698 sequentem,²
1606 645 1653 685 in

399 716 579 753 tantum
599 711 719 765 quod
740 725 821 765 per
844 722 916 752 lx.
940 723 1084 752 annos
1106 715 1348 763 sequentes
1369 711 1467 751 lata
1489 711 1655 764 ubique

399 777 598 818 solitudo
626 778 841 830 patebat3
887 777 1005 818 inter
1031 776 1231 817 Eborum
1259 777 1375 816 enim
1406 782 1452 817 et
1479 776 1656 817 Dunol—

398 855 523 883 mum
543 842 672 882 nulla
685 841 1029 883 inhabitabatur
1047 841 1173 890 villa,
1198 841 1276 882 sed
1298 842 1452 882 omnia
1473 841 1656 882 fuerunt

397 908 645 948 bestiarum
685 912 732 948 et
765 907 993 948 latronum
1033 906 1251 957 latibula;
1302 907 1348 947 in
1386 911 1658 960 tantumque

397 972 594 1014 invaluit
638 972 797 1020 fames,
835 976 887 1013 ut
928 972 1131 1013 homines
1170 971 1367 1013 famelici
1415 972 1655 1022 humanas,

399 1037 604 1090 equinas,
639 1037 840 1086 caninas,
873 1042 920 1078 et
958 1037 1134 1078 catinas
1169 1049 1328 1078 carnes
1367 1037 1657 1078 comederent

400 1107 447 1143 et
486 1102 774 1143 devorarent.
862 1102 1188 1142 Dunolmensis
1227 1107 1380 1142 autem
1417 1103 1658 1155 episcopus

401 1167 665 1220 Egelwinus
697 1172 743 1208 et
777 1167 1021 1220 optimates
1052 1168 1206 1208 caeteri
1242 1167 1454 1208 timentes
1491 1181 1662 1220 regem,

401 1245 458 1273 ne
496 1237 543 1274 et
590 1233 676 1286 ipsi
719 1245 823 1273 cum
863 1232 1038 1273 caeteris
1078 1233 1214 1273 morti
1256 1233 1560 1283 traderentur,
1591 1246 1661 1274 as-

402 1302 635 1339 sumentes
675 1311 829 1339 secum
882 1310 1047 1350 corpus
1089 1298 1212 1338 beati
1259 1297 1499 1339 Cuthberti
1546 1299 1663 1339 inte-

403 1376 552 1416 grum,
572 1364 789 1416 fugerunt
811 1363 857 1403 in
880 1361 1086 1410 Eland³;
1125 1363 1182 1404 ad
1204 1376 1396 1416 quorum
1422 1364 1656 1404 introitum

402 1429 599 1470 retraxit
621 1441 671 1469 se
694 1441 818 1469 mare
842 1428 962 1482 quod
985 1433 1084 1469 erat
1111 1433 1220 1469 tunc
1250 1429 1448 1482 plenum,
1471 1434 1517 1470 et
1544 1429 1657 1482 ipsis

404 1493 654 1535 ferentibus
694 1494 1055 1534 sacratissimum
1095 1506 1259 1547 corpus
1296 1507 1398 1534 cum
1440 1499 1538 1535 toto
1583 1507 1660 1535 co-

404 1559 570 1600 mitatu
610 1559 767 1600 eodem
807 1559 978 1600 siccum
1017 1559 1214 1612 praebuit
1251 1560 1365 1610 iter3
1401 1560 1565 1612 quibus
1599 1573 1657 1601 ex

404 1629 535 1677 parte
559 1624 706 1666 altera
738 1629 906 1666 terram
938 1622 1308 1676 contingentibus
1337 1638 1568 1666 reversum
1591 1631 1661 1667 est

403 1702 530 1731 mare
561 1690 609 1730 in
636 1703 816 1731 cursum
847 1690 1049 1739 solitum,
1071 1702 1228 1730 omnes
1259 1703 1421 1731 arenas
1451 1691 1661 1744 operiens

406 1754 621 1796 fluctibus
657 1755 882 1808 copiosis;
931 1755 1259 1796 Dunolmensis
1291 1756 1429 1796 etiam
1469 1757 1662 1799 ecclesia

406 1818 600 1861 ‘omni’4
623 1820 934 1861 ecclesiastico
964 1820 1151 1861 servitio
1182 1820 1417 1870 destituta,
1438 1821 1562 1862 facta
1591 1827 1662 1863 est

406 1886 539 1938 quasi
573 1886 801 1926 desertum
837 1890 883 1926 et
918 1885 1136 1938 spelunca
1167 1885 1413 1927 latronum.
1484 1886 1661 1927 Rever-

406 1955 530 1990 tente
574 1955 729 1991 tamen
774 1963 882 2002 rege
923 1953 936 1971 ‘
958 1950 1026 1990 in'
1045 1947 1062 1971 ⁵
1105 1950 1446 1991 Suthumbriam
1488 1953 1663 1993 vernali

406 2019 627 2067 tempore,
654 2016 901 2068 praedictus
930 2015 1255 2056 Dunolmensis
1283 2017 1524 2069 episcopus
1557 2030 1660 2058 cum

406 2081 621 2121 thesauro
650 2081 769 2121 sacri
798 2081 999 2134 corporis
1030 2085 1076 2121 et
1102 2081 1224 2121 omni
1255 2082 1426 2134 populo
1455 2095 1664 2124 reversus

405 2291 548 2322 claimed
567 2291 662 2331 king,
685 2291 738 2322 his
768 2291 937 2331 authority
963 2302 1021 2323 ex·
1098 2290 1111 2309 ²
1131 2293 1202 2324 The
1232 2294 1325 2333 early
1341 2295 1456 2334 spring
1480 2296 1610 2327 months
1633 2298 1671 2327 of

405 2337 543 2376 tending
567 2337 650 2368 from
676 2337 731 2368 the
746 2337 871 2368 Tweed
902 2340 936 2368 to
965 2338 1019 2368 the
1056 2340 1140 2369 1070
1155 2348 1211 2369 are
1226 2339 1305 2370 here
1319 2340 1489 2371 intended.

406 2382 571 2414 Humber.
1108 2382 1122 2402 ³
1156 2384 1267 2415 Eland
1304 2395 1341 2416 or
1373 2386 1517 2425 Ealand,
1561 2387 1668 2418 better

1054 2429 1176 2460 known
1201 2440 1238 2461 as
1255 2430 1516 2471 Lindisfarmey,
1527 2442 1564 2463 or
1577 2433 1669 2472 Holy

454 2472 463 2492 ¹
489 2474 648 2505 Florence
685 2475 723 2506 os
748 2470 937 2506 Worcester
971 2474 1021 2504 in·
1055 2475 1184 2515 Island‚
1206 2477 1373 2516 anciently
1399 2478 1531 2508 excited
1568 2480 1668 2509 much

409 2519 510 2550 forms
527 2529 569 2550 us
591 2520 664 2550 that
677 2520 733 2551 the
753 2520 884 2551 sudden
899 2520 1020 2559 depar-
1053 2522 1225 2562 attention,
1247 2522 1348 2562 being
1369 2523 1468 2553 twice
1492 2533 1512 2554 a
1530 2524 1609 2562 day,
1635 2529 1670 2555 at

408 2568 481 2595 ture
497 2565 535 2595 of
550 2566 605 2596 the
622 2565 754 2596 Danish
775 2566 851 2596 fleet
864 2575 937 2597 was
952 2576 1021 2597 ow·
1054 2567 1109 2597 the
1132 2568 1207 2598 flow
1232 2568 1270 2598 of
1289 2568 1344 2598 the
1364 2568 1445 2607 tide,
1461 2569 1667 2600 surrounded

408 2611 466 2649 ing
491 2613 524 2640 to
549 2611 735 2651 treachery,
760 2612 826 2641 and
850 2611 1020 2642 unknown
1054 2613 1099 2651 by
1114 2612 1170 2644 the
1188 2623 1313 2652 waves,
1335 2613 1401 2643 and
1419 2614 1530 2653 twice,
1545 2614 1668 2655 during

408 2659 442 2686 to
479 2655 534 2686 the
565 2657 706 2695 Saxons,
737 2657 814 2687 who
840 2657 943 2688 relied
978 2667 1019 2687 on
1055 2658 1109 2688 the
1126 2659 1202 2696 ebb,
1212 2658 1328 2696 joined
1342 2661 1375 2688 to
1391 2658 1445 2688 the
1461 2660 1642 2692 mainland.

408 2701 495 2731 their
509 2703 735 2741 co-operatiou
751 2702 801 2733 sor
811 2702 866 2734 the
883 2703 1020 2734 defence
1101 2701 1113 2720 ⁴
1130 2704 1139 2719 ‘
1152 2703 1239 2733 omni
1254 2705 1353 2742 cum,'
1370 2704 1444 2735 MS.
1457 2703 1542 2736 Coll.
1558 2706 1652 2737 Arm.

409 2746 447 2776 of
458 2746 563 2777 York.
1102 2746 1115 2765 ⁵
1138 2748 1288 2779 Omitted
1304 2749 1338 2779 in
1351 2749 1425 2781 MS.
1443 2749 1530 2782 Coll.
1544 2751 1638 2783 Arm.
