1866 3186
428 243 514 285 112
919 252 1200 284 cnuomcon

235 371 333 403 nem
346 370 386 396 11.
428 357 574 399 festus
610 356 754 399 affuit.
825 356 932 398 Rex
965 361 1120 398 autem
1154 357 1436 399 Francorum
1461 369 1544 410 pro
1568 355 1687 410 ejus-

212 405 304 444 ssD·
321 403 392 430 11⁷4.

211 490 358 522 Saturday,

210 523 284 555 Aug.
300 525 340 549 10.

216 1928 326 1959 Perfidy
337 1928 369 1952 of

214 1961 263 1986 the
275 1960 394 1987 Ptench.

428 422 531 464 dem
551 421 767 476 martyris
781 423 1054 471 reverentia,
1070 435 1206 476 quem
1227 422 1485 475 specialiter
1504 433 1691 462 consue-

429 492 561 529 verat
581 487 806 537 venerari,
830 487 1030 540 requiem
1053 487 1154 540 ipso
1175 487 1246 527 die
1267 487 1445 528 civitati
1466 486 1689 527 indultam

421 552 563 607 jussit
603 565 718 594 voce
758 552 989 605 praeconia
1025 551 1267 606 publicari,
1312 564 1450 604 quam
1492 551 1688 603 gratiam

427 618 549 659 cives
572 622 703 670 grate
730 617 933 670 amplexi
956 618 1051 658 otio
1074 616 1342 658 brevissimo
1362 615 1688 670 jocundissime

426 682 707 724 fruebantur.
779 683 984 724 Juvenes
1029 682 1149 723 enim
1199 686 1246 722 et
1294 681 1511 733 virgines,
1554 692 1686 721 senes

428 760 531 788 cum
548 748 825 801 junioribus,
847 747 948 788 Deo
972 752 1019 788 et
1043 747 1215 788 Sancto
1246 745 1491 787 Laurentio
1513 745 1688 797 gratias

428 818 632 865 agentes,
660 825 760 854 cum
787 825 869 866 pro
901 811 990 852 diei
1020 812 1184 853 laetitia
1212 815 1309 852 tum
1339 812 1477 852 etiam
1506 810 1561 850 ad
1589 810 1688 850 irri-

427 878 593 918 tandos
648 877 803 919 hostes
860 877 1039 918 canoris
1085 877 1274 918 vocibus
1321 875 1682 928 concrepabant3

426 946 578 982 turma
632 943 768 983 etiam
818 941 1031 982 militaris
1078 946 1214 982 extra
1263 941 1496 982 civitatem
1549 953 1688 993 super

426 1006 573 1058 ripam
606 1006 805 1048 fluminis
835 1007 883 1047 in
913 1011 1160 1059 conspectu
1196 1005 1396 1047 hostium
1437 1004 1685 1046 hastiludio

428 1072 730 1112 exercebatur
752 1072 808 1113 ad
832 1070 1027 1112 laudem.
1074 1071 1188 1112 Mox
1211 1083 1363 1111 comes
1378 1070 1689 1120 Flandrensis,

427 1140 479 1176 ut
509 1136 690 1186 dicitur,
724 1149 876 1189 regem
911 1135 1084 1184 adiens,
1115 1138 1145 1158 “
1170 1135 1335 1185 Eccc,’'
1366 1135 1446 1184 ait,
1481 1135 1689 1176 “civitas

426 1213 509 1253 pro
530 1213 621 1253 qua
646 1201 744 1255 jam
768 1201 960 1242 multum
983 1201 1265 1250 sudavimus,
1288 1200 1356 1240 his
1379 1199 1503 1241 intus
1525 1200 1688 1241 choros

426 1264 698 1307 ducentibus
720 1272 767 1307 et
788 1267 879 1306 illis
904 1265 1014 1306 foris
1042 1278 1200 1307 secure
1227 1265 1504 1315 ludentibus,
1525 1270 1689 1318 sponte

425 1330 559 1370 nobis
591 1331 807 1383 offertur3
840 1335 992 1372 sumat
1017 1343 1127 1382 ergo
1158 1343 1287 1372 arma
1318 1331 1364 1370 in
1391 1330 1572 1371 silentio
1607 1343 1689 1370 ex-

425 1395 610 1444 ercitus,
650 1396 876 1449 scalisque
911 1400 1096 1448 repente
1131 1408 1261 1436 muro
1296 1395 1539 1449 adjunctis,
1582 1400 1688 1436 ante

426 1459 660 1501 civitatem
687 1461 990 1502 obtinebimus
1011 1473 1149 1517 quam
1180 1461 1227 1501 in
1249 1461 1480 1501 civitatem
1511 1460 1688 1512 regredi

427 1523 612 1565 valeant
642 1526 720 1578 qui
759 1539 842 1578 pro
878 1526 1131 1566 irritatione
1177 1530 1333 1567 nostra
1374 1526 1575 1566 exterius
1608 1538 1687 1566 va-

428 1589 581 1630 cant.''
635 1589 859 1639 “Absit,'’
880 1591 1029 1643 inquit
1052 1603 1152 1640 rex,
1165 1594 1195 1612 “
1212 1591 1355 1631 absit!
1410 1590 1549 1631 Nosti
1569 1591 1688 1631 enim

427 1666 499 1693 me
542 1666 626 1706 pro
671 1655 925 1696 reverentia
966 1656 1085 1696 beati
1128 1655 1378 1705 Laurentii,
1423 1654 1559 1709 hujus
1599 1655 1688 1696 diei

427 1719 629 1770 requiem
662 1719 904 1760 indulsisse
936 1720 1113 1761 civitati
1130 1720 1175 1768 ;”
1221 1725 1331 1761 tunc
1370 1720 1571 1761 universi
1610 1721 1689 1773 qui

430 1783 617 1824 aderant
657 1797 867 1836 proceres
901 1785 1113 1826 familiari
1149 1798 1263 1826 ausu
1299 1785 1420 1837 regis
1455 1785 1688 1826 mollitiem

430 1847 790 1901 improperantes
826 1849 1055 1898 dixerunt,
1088 1853 1116 1871 “
1140 1849 1287 1890 Dolus
1318 1863 1376 1890 an
1405 1850 1549 1890 virtus
1580 1850 1688 1903 quid

430 1924 551 1952 nunc
576 1914 779 1953 exerceri
813 1914 1009 1955 debeat'?
1042 1915 1143 1967 quis
1176 1914 1294 1955 enim
1325 1914 1371 1954 in
1405 1913 1535 1954 hoste
1571 1916 1687 1955 veri-

432 1980 571 2016 tatem
614 1978 888 2031 requirat'?”
923 1979 1071 2019 victus
1102 1979 1168 2019 sic
1208 1979 1392 2019 tandem
1423 1979 1686 2031 adquievit;

429 2040 585 2094 itaque
625 2055 715 2082 non
764 2055 845 2095 per
891 2055 1047 2084 vocem
1089 2044 1212 2084 tubae
1254 2042 1409 2084 ‘sui'l
1448 2045 1686 2097 praeconis,

429 2105 510 2147 sed
541 2106 650 2147 solis
683 2106 847 2147 ducum
885 2108 1082 2149 susurris
1120 2109 1350 2149 exercitus
1385 2114 1685 2162 praeparatur.

432 2169 489 2210 In
513 2171 698 2212 civitate
721 2185 828 2212 vero
856 2177 955 2213 erat
979 2173 1116 2214 turris
1140 2173 1322 2214 excelsa
1341 2174 1387 2214 in
1417 2187 1508 2226 qua
1530 2179 1685 2215 vetus—

431 2234 609 2276 tissima
657 2237 867 2289 quaedam
908 2250 1132 2290 campana
1173 2238 1414 2291 pendebat,
1453 2238 1509 2279 ad
1554 2239 1685 2292 cujus

430 2311 591 2340 sonum
622 2313 725 2341 cum
753 2302 1093 2343 continuatione
1120 2303 1393 2355 pulsantem,
1430 2316 1587 2343 omnes
1616 2316 1689 2344 ar-

429 2369 555 2405 mata
592 2378 729 2406 manu
762 2366 819 2406 ad
853 2363 1226 2407 ‘munitionem'²
1257 2368 1456 2408 civitatis
1497 2380 1686 2408 concur-

428 2434 609 2470 rerent:
649 2430 841 2482 contigit
880 2436 1032 2472 autem
1076 2432 1231 2472 eadem
1269 2431 1398 2481 hora,
1438 2433 1685 2473 secundum

429 2492 813 2546 dispensationem
871 2495 1158 2545 dominicam,
1218 2496 1406 2537 clericos
1466 2497 1686 2550 quosdam

429 2558 581 2599 nescio
621 2559 726 2611 quid
771 2560 987 2612 operandi
1026 2573 1167 2602 causa
1209 2562 1254 2601 in
1295 2561 1485 2602 eandem
1524 2562 1683 2602 turrim

475 2692 482 2710 ¹
508 2694 517 2710 ‘
530 2691 624 2732 sive‚’
641 2694 717 2726 MS,
735 2695 858 2727 Lansd.
1051 2692 1056 2739 Ι
1124 2693 1137 2712 ²
1159 2694 1429 2734 ‘defensionem,’
1446 2695 1521 2726 MS,
1542 2695 1664 2727 Lansd.
