1866 3186
418 263 475 306 30
914 276 1191 309 canonicor«

213 389 338 414 waliam
351 389 390 414 11.
417 391 602 420 suorum
634 379 745 429 erui,
775 379 863 420 nisi
901 379 1002 434 ejus
1026 379 1207 434 jussum
1237 380 1370 421 citius
1398 380 1676 434 impleretur,

214 423 248 448 A.
260 423 295 447 D.
311 423 384 448 1095.
563 445 571 453 .
614 445 623 453 .
669 445 678 453 .

201 476 398 508 Bambomugh
418 445 539 497 quod
559 445 626 486 1111
645 449 855 486 umentes
875 445 1167 487 reddiderunt
1186 451 1401 489 castrum.

200 510 292 535 castle
310 516 368 535 sur-

199 543 323 568 readers.

484 555 684 607 Quomodo
704 555 852 611 reoepit
873 555 962 596 Rex
982 555 1294 597 Normanniam
1311 570 1341 597 a
1362 556 1520 599 Fratre
1537 571 1609 598 suo

959 619 1145 662 Roberto.

201 726 373 758 november,
484 708 656 750 Eodem
685 721 806 750 anno
839 708 1025 750 M.xcv.'
1042 708 1257 749 Urbanus
1301 720 1423 761 papa
1466 709 1591 750 venit
1627 710 1675 750 in

168 798 172 802 -
197 761 314 818 ἒῗιῖξέιὶ
325 793 358 818 or
417 773 633 825 Galliam,
667 779 714 816 et
746 774 793 815 in
827 773 1192 827 Quadragesima
1218 779 1471 815 convocata
1499 775 1675 829 synodo

196 826 347 851 ⁰¹⁸¹¹¹¹⁰¹¹‘'
416 844 464 881 et
509 840 632 893 apud
676 840 1084 882 Clarum-montem
1133 840 1378 889 celebrata,
1442 841 1674 892 negotium

417 905 573 947 Terrae
593 905 776 947 Sanctae
795 906 1035 958 diligenter
1061 906 1288 959 exposuit,
1310 905 1497 947 hortans
1519 906 1673 948 Chris-

416 971 577 1013 ticolas
604 972 841 1013 universos
873 976 925 1012 ut
958 971 1125 1013 Christi
1158 971 1408 1012 imitatores
1442 971 1588 1013 effecti
1614 972 1673 1013 ad

195 1043 363 1102 {siamus
416 1037 605 1078 Terram
646 1037 877 1087 Sanctam,
917 1050 1055 1090 quam
1094 1037 1276 1090 proprio
1306 1037 1527 1090 sanguine
1566 1051 1673 1080 con-

264 1094 272 1103 ’
412 1104 624 1152 secravit,
663 1103 721 1143 ad
761 1102 1079 1144 vindicandam
1117 1103 1259 1155 ipsius
1297 1102 1532 1155 sanguinis
1558 1104 1673 1144 effu-

412 1168 585 1210 sionem
614 1173 662 1210 et
698 1168 840 1222 ipsius
869 1168 1024 1209 Terrae
1057 1167 1237 1209 Sanctae
1270 1168 1673 1221 recuperationem,

412 1234 818 1287 proficiscerentur.
905 1233 981 1276 Ad
1030 1233 1160 1288 cujus
1211 1234 1441 1275 hortatum
1482 1248 1672 1287 magna-

412 1304 510 1341 tum
549 1300 702 1354 plures
751 1305 796 1342 et
844 1300 1040 1353 populus
1090 1305 1224 1341 terrae
1272 1299 1444 1341 multus
1493 1313 1671 1342 crucem

413 1366 675 1420 assumpsit,
704 1366 824 1407 inter
852 1378 966 1420 quos
998 1365 1228 1407 Robertus
1261 1378 1410 1407 comes
1442 1366 1670 1408 Norman-

412 1432 501 1473 niae
520 1437 692 1473 sanctae
722 1432 869 1474 crucis
898 1432 1159 1474 charactere
1187 1431 1428 1484 insignitus
1448 1437 1550 1483 est3
1587 1433 1671 1474 mi—

412 1498 562 1551 sitque
574 1498 762 1540 nuncios
783 1498 840 1540 ad
861 1511 1015 1551 regem
1033 1489 1315 1540 Willelmum
1334 1498 1520 1539 fratrem
1540 1511 1672 1540 suum

412 1564 632 1605 nuncians
672 1565 714 1606 ei
743 1564 1024 1618 propositum
1054 1564 1154 1614 hoc,
1186 1569 1231 1605 et
1259 1564 1390 1617 petiit
1419 1569 1471 1606 ut
1500 1565 1671 1618 absque

413 1630 678 1684 repetitione
698 1631 890 1685 alicujus
916 1630 1109 1685 injuriae,
1129 1630 1438 1683 redintegrata
1456 1631 1574 1671 inter
1594 1644 1671 1672 eos

196 1712 229 1737 A.
245 1712 279 1737 D.
295 1713 372 1737 1096.
413 1708 527 1749 pace
561 1696 706 1746 firma,
747 1700 975 1738 mutuaret
1005 1696 1093 1737 sibi
1127 1696 1282 1737 decem
1309 1696 1451 1737 millia
1493 1710 1669 1738 marca-

414 1761 538 1802 rum¹
560 1763 738 1815 argenti
765 1768 816 1804 ut
844 1763 1075 1815 inceptum
1105 1767 1260 1815 posset
1288 1762 1535 1817 adimplere
1565 1776 1668 1817 pro-

196 1843 301 1868 nonen
313 1844 398 1868 mort-
414 1828 626 1881 positum,
643 1833 689 1869 et
709 1829 795 1870 sibi
815 1828 1147 1869 Normanniam
1166 1828 1266 1869 loco
1285 1829 1485 1882 pigneris
1505 1829 1668 1870 libera-

193 1877 399 1948 ῗηᾜῗὲγῐῖἷῐὶὴο
415 1898 498 1934 ret.
574 1893 846 1947 Placuitque
883 1894 969 1934 iste
1007 1907 1155 1935 sermo
1193 1895 1305 1947 regi,
1345 1899 1391 1935 et
1431 1907 1539 1935 mox
1570 1895 1669 1949 ejus

194 1942 279 1974 ΚΜ
414 1959 622 2012 petitioni
650 1959 913 2001 satisfacere
961 1960 1177 2012 gestiens,
1216 1960 1380 2001 indixit
1419 1961 1669 2014 maioribus

411 2023 597 2077 Angliae
644 2030 696 2066 ut
742 2026 1053 2079 unusquisque
1092 2039 1247 2067 eorum
1287 2026 1373 2067 sibi
1411 2039 1494 2079 pro
1537 2039 1669 2080 posse

411 2094 423 2112 ‘
436 2091 672 2145 pecuniam
684 2090 714 2113 '²
734 2096 974 2140 mutuaret,
998 2097 1043 2133 et
1069 2092 1153 2133 hoc
1174 2092 1454 2135 festinanter.
1523 2092 1668 2147 Cujus

409 2157 475 2197 rei
504 2169 643 2198 causa
673 2158 887 2212 episcopi,
918 2157 1140 2208 abbates,³
1171 2158 1415 2199 abbatissae
1451 2170 1590 2199 aurea
1624 2164 1669 2200 et

409 2228 629 2276 argentea
658 2224 859 2265 ecclesiae
889 2230 1155 2265 ornamenta
1181 2224 1426 2278 fregerunt,
1448 2229 1493 2265 et
1524 2224 1569 2264 in
1591 2238 1668 2277 pe-

409 2289 590 2330 cuniam
621 2290 903 2342 redigentes:
947 2290 1134 2331 comites
1165 2282 1294 2331 vero'
1307 2295 1354 2331 et
1394 2290 1586 2330 barones
1622 2296 1667 2331 et

410 2355 563 2396 caeteri
593 2360 831 2409 magnates
860 2360 994 2396 terrae
1024 2355 1227 2396 homines
1258 2360 1303 2396 et
1329 2355 1534 2397 subditos
1560 2368 1667 2396 suos

409 2421 732 2474 spoliaverunt,
763 2426 810 2463 et
839 2422 936 2474 regi
965 2422 1229 2462 immensam
1259 2421 1500 2462 deserendo
1530 2435 1666 2475 pecu-

408 2487 531 2527 niam
561 2488 832 2541 placuerunt
857 2500 959 2528 eum
990 2488 1037 2528 in
1071 2487 1331 2528 muneribus
1361 2488 1483 2535 suis;
1518 2493 1666 2529 trans-

409 2553 581 2606 ivitque
601 2554 648 2595 in
671 2553 1000 2595 Normanniam
1023 2567 1178 2595 mense
1199 2553 1476 2606 Septembris
1491 2558 1535 2594 et
1555 2566 1668 2606 pace

455 2690 463 2709 ¹
492 2692 602 2731 Roget
631 2692 673 2723 de
704 2692 892 2723 Wendover
923 2691 1020 2723 reads
1102 2689 1115 2710 ³
1138 2691 1148 2708 ‘
1165 2690 1309 2729 priores'
1342 2690 1487 2721 inserted
1526 2691 1559 2721 in
1592 2691 1667 2722 MS.

408 2739 540 2777 ponnds.
1057 2736 1146 2768 Cott.
1162 2736 1237 2768 Tib.

471 2781 484 2800 ²
505 2783 654 2814 Omitted
671 2784 703 2813 in
721 2782 795 2814 MS.
811 2782 899 2814 Cott.
913 2783 987 2813 Tib.
