1866 3186
417 294 475 336 84
893 305 1170 336 crmomcoN

227 422 324 451 fleury
338 420 377 446 11.
418 407 682 460 integritate
710 407 911 448 restituit
944 410 1192 463 repetenti;
1225 413 1271 450 et
1302 409 1360 450 ab
1395 422 1449 450 eo
1480 408 1677 450 vicissim

215 454 388 497 *uum
419 473 687 515 comitatum
738 471 1204 526 Huntingdunensem
1247 475 1397 529 prisco
1440 475 1527 516 sibi
1574 474 1680 529 jure

420 543 750 592 competentem
773 539 959 592 recepit.

717 690 938 732 Wallenses
967 689 1159 733 rebellare
1180 697 1396 746 coeperunt.

206 816 240 842 A.
256 816 291 841 D.
307 815 380 841 11⁵⁷.
488 799 661 842 Verum
686 813 777 841 non
806 800 961 841 multis
985 799 1143 841 diebus
1174 800 1358 853 elapsis,
1387 800 1505 842 inter
1528 814 1681 854 regem

206 863 403 922 ξξῖῖἕνξζῑεδ,
422 870 469 908 et
489 870 671 918 gentem
695 867 937 907 barbaram
967 865 1194 907 discordia
1215 867 1373 907 oritur.
1445 866 1579 908 Unde
1602 880 1683 908 rex

421 932 651 972 immensis
673 944 731 972 ex
755 936 854 973 tota
883 930 1055 984 Anglia
1078 932 1220 984 copiis
1249 933 1541 985 congregatis
1562 933 1684 986 regi-

422 1010 554 1039 onem
577 997 868 1047 Walliarum,
900 1010 994 1050 qua
1028 997 1205 1038 facilior
1245 998 1398 1039 aditus
1426 998 1682 1048 videbatur,

421 1063 600 1115 ingredi
628 1063 806 1104 statuit.
878 1063 1025 1103 Porro
1055 1062 1123 1103 illi
1144 1064 1465 1104 convenientes
1487 1065 1684 1105 excuba-

422 1129 536 1169 bant
557 1129 602 1169 in
619 1128 842 1176 terminis;
867 1133 913 1170 et
925 1129 973 1168 in
995 1128 1180 1181 planum
1202 1128 1415 1181 progredi
1429 1129 1503 1170 vel
1523 1135 1684 1183 aperto

422 1193 544 1234 bello
565 1207 668 1234 cum
699 1194 903 1235 loricatis
933 1194 1148 1247 congredi
1174 1194 1288 1235 levis
1323 1199 1567 1236 armaturae
1602 1195 1684 1237 ho-

422 1260 565 1300 mines
605 1264 741 1301 caute
779 1260 1074 1310 declinanteS,
1104 1258 1432 1302 delitescebant
1467 1261 1514 1301 in
1556 1261 1685 1303 silvis

425 1331 472 1366 et
492 1326 671 1367 viarum
689 1326 929 1379 angustias
951 1326 1269 1367 observabant.
1338 1326 1458 1367 Sane
1479 1326 1686 1368 Wallen-

424 1404 497 1432 ses
517 1391 721 1445 reliquiae
744 1392 983 1433 Britonum
1006 1404 1106 1433 esse
1132 1396 1413 1440 noscuntur3
1447 1393 1525 1445 qui
1547 1392 1684 1447 hujus

424 1457 587 1498 insulae
611 1470 715 1510 quae
748 1471 869 1499 nunc
898 1456 1069 1511 Anglia
1100 1457 1282 1507 dicitur,
1304 1457 1413 1499 olim
1444 1471 1546 1499 cum
1581 1459 1684 1500 Bri-

427 1523 584 1568 tannia
606 1523 858 1574 dicebatur,
878 1524 1040 1566 incolae
1063 1523 1198 1577 primi
1219 1523 1428 1575 fuerunt3
1460 1524 1685 1579 ejusdem-

428 1602 517 1642 que
552 1589 749 1631 nationis
782 1594 827 1631 et
853 1590 1022 1642 linguae
1052 1602 1150 1630 esse
1187 1590 1440 1643 probantur
1479 1589 1609 1644 cujus
1642 1597 1688 1633 et

430 1655 643 1696 Britones
676 1656 983 1697 transmarini.
1054 1655 1170 1696 Cum
1203 1660 1354 1696 autem
1389 1669 1500 1709 gens
1535 1657 1687 1698 Brito-

428 1734 536 1777 num
558 1733 586 1762 a
609 1722 1032 1775 supervenientibus
1051 1720 1305 1774 Anglorum
1333 1722 1514 1776 populis
1537 1728 1688 1764 exter-

429 1787 617 1827 minium
649 1792 898 1841 pateretur,
929 1788 1008 1841 qui
1038 1787 1232 1829 evadere
1262 1792 1508 1841 potuerunt
1528 1789 1685 1830 confu-

430 1858 597 1905 gerunt
630 1853 677 1894 in
707 1853 920 1903 Wallias,
958 1859 1117 1894 contra
1155 1853 1452 1907 irruptionem
1488 1854 1687 1896 hostium

430 1923 607 1960 naturae
637 1919 856 1960 beneficio
886 1923 1039 1970 tutas;
1071 1919 1224 1972 ibique
1246 1919 1343 1960 haec
1378 1921 1503 1961 natio
1534 1934 1687 1973 perse-

430 1989 560 2025 verat
581 1996 726 2038 usque
743 1985 789 2025 in
811 1990 1082 2038 praesentem
1103 1985 1234 2026 diem.
1291 1985 1444 2038 Igitur
1466 1999 1549 2027 rex
1573 1986 1686 2028 fines

430 2049 646 2100 hostium,
682 2055 842 2092 contra
871 2051 1074 2092 locorum
1106 2051 1328 2092 malitiam
1362 2051 1592 2102 luctando,
1619 2053 1688 2093 in-

214 2131 395 2161 1sdefeated,
430 2115 655 2168 grediens,
700 2116 903 2158 infausta
948 2117 1122 2170 negotii
1162 2117 1292 2158 initia
1343 2116 1528 2159 habuit:
1579 2131 1686 2171 pars

214 2165 283 2227 ἶὲὲῗῖ
301 2166 380 2222 ἔξω
430 2182 548 2222 enim
572 2183 801 2224 exercitus
823 2196 904 2237 per
922 2183 1025 2223 loca
1054 2183 1225 2224 silvosa
1255 2187 1301 2224 et
1322 2183 1508 2225 humida
1530 2185 1686 2226 incau-

215 2230 347 2289 ggffljfl
429 2247 521 2288 tius
564 2249 793 2301 gradiens,
839 2249 1046 2290 hostibus
1087 2249 1355 2303 intercepta,
1392 2263 1475 2302 pro
1521 2263 1688 2303 magna

429 2318 560 2367 parte
602 2315 752 2368 periit,
783 2320 828 2356 et
869 2315 958 2356 duo
1001 2314 1195 2356 nobiles¹
1240 2328 1341 2355 cum
1387 2315 1486 2356 aliis
1531 2316 1687 2358 multis

429 2385 712 2422 corruerunt.
783 2379 981 2431 Quidam
1020 2393 1129 2421 vero
1164 2380 1407 2433 fugientes,
1438 2386 1483 2423 et
1517 2394 1687 2435 regem,

429 2447 507 2499 qui
528 2446 574 2486 in
595 2446 696 2488 loco
712 2451 814 2487 tuto
838 2447 1130 2495 consistebat,
1147 2447 1414 2488 occubuisse
1437 2448 1687 2498 credentes,

430 2511 776 2554 advenientibus
797 2512 945 2554 adhuc
969 2517 1015 2553 et
1038 2513 1386 2566 properantibus
1409 2514 1467 2554 ad
1487 2527 1687 2567 pugnam

426 2577 662 2619 ordinibus
706 2592 858 2632 regem
901 2579 1124 2620 corruisse
1169 2579 1462 2620 nunciabant.
1555 2580 1687 2621 Unde

479 2737 485 2754 ¹
514 2739 658 2816 Existaqie
681 2741 872 2781 Fitz-John,
891 2742 958 2772 and
981 2742 1105 2773 Robert
1127 2742 1169 2772 de
1185 2741 1331 2781 Courey,
1347 2741 1461 2774 Sewer
1483 2747 1516 2774 to
1539 2743 1594 2774 the
1611 2743 1689 2775 Em·

430 2794 524 2823 press
582 2795 624 2816 au
653 2810 661 2818 .
