1866 3186
479 289 704 320 WALTEm
737 291 798 320 DE
829 290 1204 322 HEMINGBURGH.
1412 280 1471 321 69

202 390 357 432 hostes
378 387 424 432 et
443 392 712 446 diruperunt
735 393 901 442 omnia,
923 388 1251 446 praefocati'que
1276 398 1384 434 sunt
1405 405 1466 434 ex
1498 404 1663 462 Astssplffith

202 457 422 509 operariis
477 459 598 511 regis
642 459 823 500 circiter
859 459 1108 511 octoginta,
1141 458 1466 512 ‘confususque
1524 457 1530 462 '
1574 455 1580 462 ’
1667 456 1673 460 ’

201 534 283 563 rex
314 523 362 563 in
394 523 480 565 hoc
515 523 712 565 ‘facto'1
748 525 964 566 continuo
997 524 1219 565 discessit.
1290 524 1464 566 Eodem

199 600 319 629 anno
356 588 632 630 Coelestinus
674 603 797 644 papa
839 591 967 640 obiit,
1014 589 1087 630 cui
1121 590 1343 630 successit
1371 589 1464 631 Lu·
1480 598 1676 657 ssggtlfflslce-

199 665 310 694 clus.

629 754 778 795 Castra
798 752 904 808 cepit
923 752 1025 794 Rem.

267 850 459 892 Decimo
486 863 606 892 anno
636 851 766 903 regni
795 848 866 891 sui
899 862 981 891 rex
1003 846 1262 903 Stephanus
1285 850 1464 892 obsedit
1481 863 1515 889 A.
1531 864 1565 889 n.
1581 865 1655 890 1145.

199 921 401 957 castrum
425 916 481 957 de
501 916 768 957 Ferendone
784 929 888 956 cum
908 915 1113 956 exercitu
1138 915 1462 966 Londoniensi,

198 986 245 1022 et
285 986 390 1034 post
429 982 619 1023 multam
673 982 910 1034 sanguinis
954 981 1221 1022 effusionem
1270 981 1375 1023 hinc
1416 988 1463 1023 et

199 1047 320 1097 inde,
342 1047 529 1088 tandem
554 1047 666 1087 illud
689 1061 792 1088 cum
818 1046 1087 1088 difficultate
1108 1051 1120 1068 ‘
1137 1046 1315 1100 cepit.’2
1369 1047 1459 1088 Eo·
1479 1060 1595 1085 Lincoln
1609 1062 1659 1086 ea-

198 1112 300 1153 dem
356 1126 475 1154 anno
521 1113 788 1154 Alexander
832 1112 1164 1153 Lincolniensis
1216 1113 1461 1166 episcopus
1478 1094 1642 1152 {affirmo-

198 1179 435 1219 ecclesiam
472 1178 852 1227 Lincolniensem,
891 1191 995 1231 quae
1031 1179 1346 1219 combustione
1382 1178 1461 1219 de-

196 1248 384 1297 turpata
417 1244 582 1294 fuerat,
624 1245 736 1285 miro
775 1243 968 1285 artificio
1006 1244 1071 1285 sic
1110 1243 1377 1285 reformavit
1411 1250 1463 1286 ut

197 1309 431 1362 pulchrior
452 1314 694 1364 appareret
710 1323 847 1364 quam
870 1313 990 1350 ante.

518 1459 608 1500 Rex
629 1459 733 1514 oepit
757 1458 948 1500 Comitem
974 1457 1149 1499 Oestriae.

277 1573 532 1616 Undecimo
583 1587 703 1615 anno
757 1573 887 1626 regni
947 1573 1019 1613 sui
1068 1573 1328 1614 construxit
1377 1586 1460 1615 rex
1479 1587 1644 1614 A.D.1146.

197 1644 398 1680 castrum
433 1640 490 1681 de
517 1640 844 1693 Wallingford,
890 1638 967 1680 ubi
1011 1651 1163 1679 comes
1204 1638 1459 1680 Cestrensis
1477 1648 1664 1706 gflgsffirlhgf

197 1718 297 1745 cum
321 1718 428 1759 rege
451 1706 752 1747 concordatus
773 1709 871 1756 est;
905 1704 983 1757 qui
1006 1708 1168 1757 postea
1191 1704 1314 1757 apud
1340 1704 1460 1746 Not·
1476 1714 1607 1772 ffisssffiss?
1626 1715 1662 1745 by

197 1770 424 1824 yngham³
451 1771 508 1812 ad
533 1785 687 1825 regem
717 1770 908 1824 pacifice
935 1770 1137 1818 veniens,
1162 1774 1209 1810 et
1240 1770 1351 1810 nihil
1374 1771 1460 1812 sibi
1597 1754 1624 1779 ς’

197 1842 418 1887 metuens,
455 1843 618 1891 captus
651 1842 722 1878 est
757 1850 786 1878 a
820 1848 943 1888 rege,
972 1836 1087 1876 etin
1122 1848 1350 1876 carcerem
1390 1836 1459 1877 in-

197 1907 351 1944 trusus
374 1916 613 1957 quousque
641 1902 880 1944 castellum
906 1900 1156 1942 Lincolniae
1181 1901 1302 1954 quod
1325 1903 1382 1942 ab
1405 1915 1460 1943 eo

195 1968 350 2010 dolose
373 1974 652 2023 susceperat,
670 1973 715 2010 et
733 1973 900 2009 caetera
920 1966 1105 2008 ditionis
1134 1979 1228 2008 suae
1252 1967 1459 2017 castella,

196 2036 294 2087 regi
325 2036 600 2077 restitueret.
673 2035 852 2086 Quibus
884 2032 1090 2082 redditis,
1115 2046 1223 2074 mox
1245 2034 1343 2086 ipse
1364 2034 1459 2074 suis

197 2101 399 2142 redditus
428 2106 512 2151 est,
535 2106 582 2143 et
605 2102 651 2142 in
675 2105 908 2154 posterum
931 2099 1286 2140 immanissimus
1316 2099 1460 2141 hostis

197 2166 293 2219 regi
318 2166 518 2208 effectus,

379 2304 495 2345 Idem
523 2304 657 2345 Comes
680 2302 888 2344 Insultum
899 2302 1008 2357 fhcit
1027 2301 1266 2343 Lincolniae.

264 2409 548 2449 Duodecimo
599 2421 719 2449 anno
771 2406 901 2459 regni
942 2406 1013 2446 sui
1067 2418 1149 2445 rex
1196 2404 1458 2457 Stephanus
1477 2422 1641 2448 mum„

196 2474 318 2526 apud
361 2474 644 2514 Lincolniam
679 2473 726 2513 in
762 2472 934 2513 Natale
962 2471 1148 2511 Domini
1182 2469 1328 2522 regali
1360 2470 1458 2511 dia-
1477 2456 1598 2482 ”⁶²²³

242 2598 250 2616 ¹
275 2600 425 2631 Omitted
443 2600 475 2630 in
493 2600 593 2632 MSS.
610 2599 698 2632 Coll.
716 2598 810 2630 Arm.
892 2596 906 2615 ³
927 2597 997 2628 The
1035 2597 1116 2628 Earl
1145 2597 1184 2628 of
1217 2596 1358 2629 Chester
1387 2608 1460 2630 was

196 2646 261 2677 and
278 2646 367 2678 Cott.
383 2646 459 2678 Tib.
845 2643 946 2674 taken
970 2644 1121 2682 prisoner
1141 2646 1177 2674 at
1202 2643 1459 2683 Northampton.

843 2689 940 2721 Guil.
965 2690 1131 2729 Neubrig.
1156 2689 1198 2720 de
1223 2690 1307 2721 Reb.
1332 2690 1420 2730 Ang.
1440 2691 1460 2721 i.

241 2737 254 2755 ²
275 2735 479 2778 ‘ceperunts
499 2738 597 2770 MSS.
615 2736 702 2770 (⁸011.
715 2737 810 2768 Arm.
844 2739 898 2775 50,
914 2736 967 2767 ed.
995 2735 1151 2774 Hcarne3
1175 2735 1366 2776 Dugdale’s
1393 2737 1460 2768 Ba-

195 2785 261 2816 and
278 2786 366 2817 Cott.
382 2785 457 2817 Tib.
825 2799 827 2813 κ
844 2792 979 2821 ronage.
