1866 3186
198 262 284 303 344
697 274 955 319 ιΒοΤιοΝΕε
987 274 1161 305 vuuAE.

201 385 276 408 PAG.
327 384 396 408 ΗΝ.
446 382 638 406 EXEMPLAR.
873 382 1139 407 flzmlnenunon.

201 426 300 476 265,
327 424 666 475 11,00n0essimus
731 424 1054 475 concessimus,
1084 429 1131 466 et
1165 424 1250 466 hac
1282 425 1498 478 praesenti
1531 429 1660 466 carta

398 489 664 546 archiepisco·
761 495 922 532 nostra
947 490 1317 532 confirmavimus
1351 503 1434 544 pro
1462 491 1591 532 nobis
1615 495 1662 532 et

392 558 466 613 pis
762 556 1018 598 haeredibus
1041 557 1210 599 nostris
1228 557 1274 597 in
1296 562 1583 610 perpetuum,
1604 556 1661 598 de

761 622 951 664 consilio
986 622 1257 664 venerabilis
1286 622 1430 676 patris
1461 621 1660 664 ‘Gualo-

762 688 849 729 nis'
859 687 872 708 ¹
889 688 1011 730 tituli
1027 689 1174 730 sancti
1190 688 1397 738 Martini,
1407 689 1663 743 presbyteri

766 754 1029 805 cardinalis,
1037 760 1083 796 et
1093 754 1357 808 apostolicae
1370 754 1491 796 sedis
1503 754 1662 807 legati,

763 819 934 862 domini
957 820 1176 862 willelmi
1209 821 1410 862 Eborum
1440 819 1663 874 archiepi-

763 886 906 940 scopi,
930 891 977 928 et
1006 886 1199 928 aliorum
1226 886 1542 941 episcoporum
1566 885 1665 927 An-

764 952 886 1004 ghae,
923 952 1144 993 Willelmi
1185 952 1447 994 Marescalli
1485 952 1665 994 comitis

765 1016 978 1058 Penbrok
1012 1019 1200 1059 rectoris
1224 1019 1369 1060 nostri
1400 1023 1470 1060 ‘et
1483 1016 1667 1071 1·egni‚'²

763 1090 809 1124 et
831 1083 1022 1125 aliorum
1049 1084 1248 1125 fidelium
1279 1085 1494 1126 comitum
1521 1089 1567 1126 et
1587 1085 1664 1126 ba-

762 1161 925 1190 ronum
948 1155 1207 1192 nostrorum
1226 1149 1426 1205 Angliae,
1443 1150 1667 1205 archiepi-

767 1227 933 1268 scopls.

204 1311 271 1318 —
332 1291 398 1339 13,
456 1291 504 1332 de
546 1304 665 1346 reyno
734 1291 790 1332 de
815 1305 955 1345 regno
979 1298 1138 1334 nostro
1160 1293 1432 1336 hominibus.

406 1362 540 1398 nostro

203 1456 271 1464 —
331 1434 399 1482 14,
418 1433 609 1474 tenendas
735 1433 970 1475 habendas
992 1440 1038 1476 et
1059 1435 1294 1477 tenendas.

205 1543 273 1551 —-
334 1521 404 1568 15,
450 1519 670 1575 Imprimis
737 1521 910 1562 desunt.³

411 1616 420 1625 .
445 1617 453 1624 .
479 1618 488 1626 .
507 1586 554 1627 in
577 1599 668 1640 per-

398 1657 571 1706 petuam

209 1750 276 1756 —
337 1729 404 1779 19,
421 1728 671 1782 omaziajura
735 1729 856 1782 jura.

212 1838 273 1844 —
337 1815 405 1863 20,
432 1815 629 1858 Ooncessi·
742 1816 1051 1856 concessimus
1073 1815 1210 1857 etiam
1236 1821 1281 1857 et
1304 1816 1522 1858 dedimus.

410 1893 500 1922 mus
519 1881 644 1922 etiam

211 1981 278 1989 --
338 1958 409 2005 23,
431 1957 488 1998 eis
507 1963 544 1998 et
745 1956 830 1997 sibi
855 1961 915 1996 et.

213 2043 314 2090 266,
367 2046 406 2093 1,
429 2043 566 2085 debeat
747 2043 879 2083 nobis
903 2042 1124 2084 debuerit.

212 2157 278 2164 —
367 2132 407 2180 2,
428 2130 641 2172 haeredita-
743 2135 927 2172 terram.

414 2202 489 2237 tem

213 2298 279 2304 —
368 2274 410 2321 3,
434 2272 676 2314 bar-oniaco·
746 2275 967 2316 comitatu
988 2276 1182 2328 integro.

414 2338 526 2379 mitis
579 2339 677 2379 inte—

411 2417 492 2458 gyra

219 2506 281 2513 -—-
371 2484 410 2530 4,
425 2494 507 2534 per
522 2486 679 2521 centum
748 2493 830 2533 pro
855 2485 1034 2522 centum
1056 2482 1198 2523 libris.

436 2544 566 2586 libras

264 2703 274 2723 ¹
300 2705 383 2743 ‘S.‚'
401 2705 476 2736 MS.
493 2705 580 2736 Con.
596 2705 690 2737 Arm.
1015 2705 1028 2724 ³
1064 2706 1134 2737 The
1173 2716 1317 2747 passage
1346 2709 1376 2739 is
1414 2709 1510 2748 given
1540 2710 1575 2740 in
1606 2711 1680 2742 Ms.

261 2748 275 2769 ²
297 2750 448 2781 Omitted
466 2751 498 2780 iu
517 2751 591 2782 MS.
608 2752 731 2783 Lansd.
971 2752 1095 2783 Lansd.
