1866 3186
483 265 708 295 WAL'PERl
743 265 804 294 DE
837 263 1214 294 HEMINGBURGH.

203 377 231 405 a
270 377 409 418 regno
448 367 603 420 exegit
646 369 899 420 pecuniam,
942 374 987 409 et
1027 368 1309 420 gravabatur
1347 371 1469 408 terra
1503 377 1665 436 Auff‘ffib

1485 466 1583 497 Hem-y
1596 466 1636 491 in-

1485 500 1570 524 vades
1584 499 1654 524 Nor-

202 432 567 484 oppressionibus
603 433 772 475 multis.

1413 253 1472 294 39

853 433 1203 476 Accendebatur
1233 433 1351 474 enim
1386 446 1466 475 an—

202 497 357 550 tiquus
396 498 522 539 furor
559 500 676 540 inter
715 513 867 552 regem
909 506 955 542 et
995 501 1231 542 comitem:
1282 504 1469 554 propter

202 563 322 615 quod
358 571 637 618 congregato
669 566 874 607 exercitu
907 567 1119 608 transivit
1150 579 1233 607 rex
1267 566 1314 606 in
1346 565 1467 607 Nor-

202 631 429 671 manniam
459 644 561 672 cum
595 633 815 673 immensa
844 633 1052 685 pecunia.

1126 632 1183 673 In
1218 632 1350 686 cujus
1387 632 1467 673 ad-

202 701 343 737 ventu
377 703 670 739 occurrerunt
700 698 742 739 ei
771 697 968 752 majores
999 697 1122 738 illius
1141 702 1292 747 terrae,
1313 703 1468 750 spreto

202 763 381 811 comite,
413 763 460 804 in
486 776 647 804 aurum
677 769 724 805 et
754 767 995 816 argentum
1025 762 1148 803 illius
1168 762 1465 815 anhelantes;

201 828 481 882 excitatique
514 830 775 870 muneribus
813 828 1098 870 tradiderunt
1139 829 1180 870 ei
1229 833 1381 871 castra
1422 835 1468 871 et

200 894 410 935 civitates
460 895 674 937 munitas.

759 895 866 937 Rex
897 907 1004 936 vero
1046 895 1274 949 Bayocas,
1309 895 1355 936 id
1396 902 1465 937 est
1484 909 1577 935 numa

1484 943 1601 974 Bayeux
1611 943 1666 968 and

201 963 213 981 ‘
227 959 476 1014 Bayeux‚’¹
493 974 596 1002 cum
613 961 806 1003 ecclesia
823 960 1005 1003 Sanctae
1019 961 1201 1011 Mariae,
1218 962 1467 1004 combussit
1483 977 1568 1002 caen.

199 1025 308 1078 igni,
349 1033 395 1068 et
430 1027 684 1069 Cadomum
722 1028 854 1069 fratri
891 1040 975 1069 suo
1017 1027 1208 1069 abstulit
1247 1027 1466 1069 similiter.

203 1090 310 1133 Non
340 1093 458 1134 enim
489 1094 688 1135 audebat
717 1107 869 1135 comes
898 1107 981 1135 nec
1014 1094 1152 1135 etiam
1183 1093 1335 1147 potuit
1368 1095 1467 1147 regi

201 1159 426 1208 resistere,
462 1173 516 1201 eo
551 1160 672 1213 quod
704 1167 825 1202 esset
858 1160 1030 1201 viribus
1063 1160 1226 1213 impar,
1259 1165 1306 1202 et
1327 1161 1385 1201 ab
1412 1173 1466 1202 eo

199 1231 480 1267 recesserant
513 1232 751 1279 magnates
789 1226 874 1267 sui.

946 1226 1123 1268 Institit
1161 1239 1271 1279 ergo
1303 1239 1386 1268 rex
1420 1227 1467 1267 in

198 1297 420 1343 quantum
454 1294 605 1346 potuit
625 1293 682 1334 ad
703 1292 1117 1334 exhaeredationem
1137 1295 1149 1313 ‘
1163 1290 1330 1333 fratris’
1342 1290 1358 1312 ²
1378 1293 1465 1342 sui,

199 1361 246 1398 et
285 1357 467 1399 firmata
501 1364 624 1400 terra
654 1360 701 1400 in
736 1357 954 1412 Angliam
995 1357 1227 1411 profectus
1263 1362 1347 1399 est.

196 1423 361 1465 iterum
393 1438 495 1466 cum
529 1426 747 1466 immenso
782 1425 988 1466 exercitu
1019 1437 1229 1465 reversus
1268 1425 1315 1465 in
1345 1436 1464 1466 anno

197 1492 435 1543 sequenti;
491 1504 641 1532 comes
677 1497 830 1532 autem
865 1495 1146 1543 congregata
1174 1490 1463 1532 multitudine
1480 1506 1559 1531 ΑΛ).
1575 1507 1652 1531 1106.

1479 1552 1591 1575 returns
1609 1552 1639 1575 to

198 1568 290 1608 qua
321 1558 472 1610 potuit
509 1559 707 1599 occurrit
741 1558 797 1606 ei,
833 1562 879 1598 et
912 1557 959 1598 in
992 1556 1149 1610 vigilia
1183 1556 1339 1598 Sancti
1371 1556 1463 1598 Mi-

1481 1583 1626 1609 Normand
1648 1601 1654 1607 .

199 1622 369 1663 chaelis
410 1623 531 1665 facto
548 1622 564 1645 ³
607 1636 854 1676 congressu
898 1622 1049 1664 valido
1098 1636 1182 1664 rex
1226 1623 1464 1665 victoriam
1481 1630 1604 1689 gssi‘ffi’g
1627 1590 1645 1615 y

201 1688 395 1741 adeptus
426 1694 510 1739 est,
554 1695 807 1743 captusque
840 1702 990 1730 comes
1024 1687 1282 1730 Robertus4
1324 1689 1466 1730 frater
1480 1671 1683 1756 ξθιῖξξδιξξέω

200 1755 335 1807 regis,
371 1759 417 1796 et
451 1756 497 1796 in
533 1755 741 1797 custodia
773 1755 928 1796 fratris
962 1754 1192 1795 residuum
1225 1755 1334 1796 vitae
1368 1768 1464 1796 suae
1480 1763 1617 1796 prisoner-

198 1826 377 1873 tempus
410 1821 684 1874 ingloriosus
719 1819 906 1874 exegit.⁵
959 1820 1021 1862 Et
1060 1820 1309 1862 secundum
1339 1821 1462 1873 quod

200 1891 333 1939 pater
384 1888 506 1941 regis
555 1887 742 1930 ducatui
789 1887 1086 1929 Normanniae
1128 1886 1236 1928 olim
1275 1900 1465 1939 regnum

248 2026 258 2047 ¹
281 2028 291 2045 ‘
305 2028 468 2069 Bayeus,’
484 2028 560 2060 MS.
578 2028 666 2060 Con.
681 2028 777 2060 Arm·

244 2108 258 2127 ²
281 2112 433 2143 Omitted
451 2112 487 2143 in
501 2111 577 2143 MS.
594 2110 683 2143 Cott.
698 2111 776 2143 Tib.

245 2187 259 2208 ³
283 2189 395 2220 Battle
411 2189 449 2220 of
458 2189 689 2229 Tenchebray.
732 2188 815 2220 This

199 2235 302 2266 battle
314 2245 386 2267 was
401 2236 519 2276 fought
535 2235 586 2266 for
600 2235 655 2266 the
671 2235 771 2267 relies
782 2235 820 2266 of

199 2281 254 2313 the
271 2282 450 2322 important
463 2282 601 2313 fortress
617 2282 654 2313 of
664 2281 814 2313 ‘renche-

198 2328 295 2368 bray,
324 2328 417 2360 three
449 2328 586 2368 leagues
616 2328 700 2359 from
724 2328 815 2358 Mor-

198 2375 281 2414 tain,
296 2374 408 2406 which
426 2374 543 2413 Henry
558 2374 626 2405 had
641 2374 813 2413 besieged.

198 2420 269 2451 The
281 2420 394 2451 defeat
409 2421 582 2451 sustained
594 2421 699 2459 hythe
709 2420 813 2451 Duke

199 2476 271 2497 was
298 2467 411 2506 owing
436 2470 470 2496 to
500 2466 556 2497 the
580 2466 753 2505 treachery
781 2466 819 2496 of

200 2513 325 2543 Robert
333 2512 375 2543 de
389 2512 556 2551 Belesme,
566 2511 644 2542 who
659 2512 814 2543 deserted

199 2558 282 2589 with
312 2567 334 2589 a
370 2561 484 2598 strong
513 2557 658 2589 division
688 2557 726 2588 of
759 2557 814 2588 the

199 2614 304 2645 army.

246 2670 259 2688 ⁴
284 2671 388 2703 Duke
405 2671 531 2702 Robert
547 2680 618 2702 was
634 2670 731 2701 made
748 2670 813 2709 pri-

199 2728 296 2750 soner
311 2718 356 2758 by
377 2717 531 2758 Galdric,
559 2717 651 2757 King
664 2714 814 2755 Henry's

198 2765 367 2805 chaplain‚
382 2764 459 2796 who
476 2774 550 2796 was
576 2763 748 2804 promoted
764 2762 815 2794 for

847 2025 915 2057 this
938 2026 1065 2057 service
1089 2028 1124 2057 to
1154 2025 1210 2058 the
1234 2025 1406 2065 bishopric
1432 2025 1471 2057 of

848 2072 1016 2104 Llandaff.

895 2116 908 2136 ⁶
930 2118 1035 2150 Duke
1066 2117 1192 2149 Robert
1216 2126 1290 2148 was
1315 2117 1466 2149 confined

848 2165 882 2196 in
899 2164 1032 2196 Cardiff
1043 2163 1170 2204 Castle,
1185 2163 1252 2194 and
1275 2168 1311 2195 at
1332 2164 1403 2195 first
1418 2164 1466 2195 al-

848 2211 958 2242 lowed
985 2211 1037 2241 air
1066 2210 1133 2241 and
1163 2210 1313 2241 exercise
1343 2211 1377 2241 in
1408 2210 1464 2241 the

848 2257 1091 2298 neighbouring
1114 2256 1247 2294 woods;
1272 2256 1334 2287 but
1363 2256 1465 2296 being

847 2303 950 2335 taken
989 2303 1105 2333 whilst
1142 2302 1391 2342 endeavouring
1431 2306 1464 2332 to

847 2350 947 2381 make
974 2349 1027 2380 his
1046 2358 1182 2388 escape,
1206 2347 1247 2378 he
1267 2357 1340 2379 was
1363 2347 1464 2378 after-

847 2396 960 2427 wards
997 2404 1087 2426 more
1134 2393 1264 2432 strictly
1301 2394 1464 2433 guarded.

848 2442 944 2473 Some
963 2440 1251 2472 historiam—but
1265 2439 1359 2470 these
1374 2439 1465 2470 lived

848 2488 882 2517 in
913 2487 969 2517 the
999 2489 1138 2525 century
1161 2488 1242 2516 next
1270 2486 1465 2525 ensuing—

848 2532 953 2563 affirm
979 2532 1052 2563 that
1077 2532 1119 2562 he
1143 2540 1216 2562 was
1243 2530 1405 2571 deprived
1431 2532 1469 2563 of

848 2578 901 2609 his
924 2578 1014 2618 sight
1037 2578 1080 2617 by
1098 2577 1151 2608 his
1170 2577 1334 2608 brother’s
1355 2577 1465 2609 order.

848 2624 946 2655 After
961 2634 982 2655 a
996 2624 1158 2663 captivity
1174 2623 1212 2654 of
1223 2624 1457 2664 twenty-eight

849 2680 959 2710 years,
984 2670 1026 2702 he
1045 2670 1126 2701 died
1150 2670 1183 2700 iu
1200 2668 1333 2701 Cardifl'
1349 2669 1464 2701 Castis

849 2717 882 2747 in
902 2719 997 2757 1135,
1012 2726 1033 2748 a
1048 2716 1115 2748 few
1130 2715 1261 2747 months
1281 2715 1394 2748 before
1409 2715 1465 2748 the

849 2763 944 2804 king.

1484 533 1597 565 mandy.

1403 1358 1465 1400 Et
1481 1370 1552 1395 Sails
1565 1371 1608 1396 for

1481 1404 1620 1436 England.
