1866 3186
237 390 322 415 John.

197 423 232 449 Α.
247 423 281 448 D.
298 424 370 448 1213.

397 269 485 310 240
897 277 1174 310 eunonium*

400 383 544 436 patris
595 383 740 424 nostri
796 381 967 423 domini
1019 381 1235 425 Nicholai
1300 382 1660 424 Tusculanensis

180 477 297 502 cmm,
309 477 341 502 01
398 449 600 502 episcopi
637 447 902 501 apostolicae
941 447 1062 489 sedis
1097 448 1255 501 legati,
1300 454 1347 491 et
1395 448 1657 502 Pandulphi

180 510 361 535 submlssion.

397 515 568 556 domini
589 527 721 568 papae
748 514 1014 555 subdiaconi
1039 518 1084 555 et
1111 513 1366 564 familiaris,
1393 514 1656 555 fidelitatem

396 580 615 634 praedicto
657 580 839 621 domino
871 583 1028 620 nostro
1060 592 1194 633 papae
1227 579 1498 621 Innocentio
1535 580 1657 634 ejus-

396 659 486 699 que
505 645 742 687 catholicis
765 645 1103 687 successoribus
1125 658 1179 686 ac
1195 646 1399 687 ecclesiae
1418 645 1657 695 Romanae,

397 711 645 753 secundum
667 711 972 764 subscriptam
997 710 1189 752 formam
1212 710 1400 753 fecimus
1416 715 1461 752 et
1479 711 1655 765 juravi-

399 790 512 818 mus.
576 777 638 818 Et
658 777 918 830 homagium
943 780 956 798 ‘
971 776 1109 817 etiam
1126 776 1153 798 ’¹
1178 777 1338 829 ligium
1362 777 1551 818 fecimus
1574 789 1657 830 pro

398 843 629 896 praedictis
652 843 804 895 regnis
831 843 1014 884 domino
1038 848 1192 884 nostro
1220 856 1354 896 papae
1386 842 1658 883 Innocentio

398 922 480 961 per
522 921 683 949 manus
725 908 930 961 praedicti
965 908 1122 960 legati,
1157 908 1258 949 loco
1291 914 1337 950 et
1375 908 1474 950 vice
1511 908 1657 961 ipsius

397 974 570 1015 domini
598 986 730 1027 papae
758 973 1032 1027 recipientis,
1066 974 1270 1027 publice3
1303 986 1588 1015 successores
1612 979 1659 1015 et

398 1039 601 1080 haeredes
623 1043 802 1080 nostros
825 1038 880 1079 de
901 1051 1046 1079 uxore
1064 1043 1076 1061 ‘
1093 1045 1251 1081 nostra
1273 1038 1306 1061 ’²
1326 1040 1371 1080 in
1387 1045 1657 1093 perpetuum

399 1105 670 1159 obligantes,
711 1109 764 1146 ut
792 1103 931 1145 simili
962 1104 1096 1146 modo
1125 1117 1303 1146 summo
1339 1105 1544 1159 pontifici
1580 1106 1659 1158 qui

400 1184 483 1224 pro
521 1175 725 1224 tempore
763 1169 916 1219 fuerit,
951 1175 1001 1211 et
1034 1170 1238 1212 ecclesiae
1281 1171 1518 1221 Romanae,
1560 1171 1658 1212 sine

399 1236 760 1279 contradictione
799 1235 996 1277 debeant
1034 1236 1298 1278 fidelitatem
1335 1243 1570 1290 praestare,
1613 1242 1659 1278 et

400 1302 660 1356 homagium
703 1314 1043 1355 recognoscere.
1123 1301 1196 1343 Ad
1240 1302 1455 1343 indicium
1504 1306 1657 1343 autem

400 1368 538 1422 hujus
563 1373 576 1391 ‘
593 1369 658 1409 rei
690 1366 787 1408 et'³
810 1372 980 1408 nostrae
1018 1372 1252 1420 perpetuae
1287 1367 1581 1421 obligationis
1611 1373 1658 1410 et

399 1434 703 1475 concessionis
743 1438 928 1482 nostrae,
972 1433 1184 1474 volumus
1230 1438 1275 1475 et
1315 1434 1571 1475 stabilimus
1609 1438 1659 1474 ut

399 1499 455 1540 de
479 1499 674 1553 propriis
694 1503 740 1540 et
760 1498 1033 1552 specialibus
1057 1498 1308 1540 redditibus
1339 1499 1657 1552 praedictorum

399 1578 643 1618 regnorum
676 1569 950 1614 nostrorum,
979 1577 1062 1617 pro
1092 1565 1213 1605 omni
1249 1565 1437 1606 servitio
1473 1569 1519 1606 et
1550 1578 1658 1606 con-

398 1630 638 1672 suetudine
673 1630 796 1684 quod
830 1642 913 1683 pro
942 1629 1056 1683 ipsis
1086 1629 1235 1671 facere
1265 1630 1495 1680 debemus,
1526 1631 1658 1672 salvo

400 1709 481 1750 per
503 1695 866 1737 omniadenario
887 1695 1037 1736 sancti
1060 1695 1204 1746 Petri,
1226 1696 1420 1738 ecclesia
1445 1695 1659 1738 Romana

399 1762 523 1803 mille
547 1766 560 1784 ‘
575 1759 801 1803 marcas'³
823 1761 1144 1813 sterlingorum
1166 1762 1389 1816 percipiat
1405 1763 1658 1813 annuatim,

398 1827 573 1869 scilicet
592 1827 639 1868 in
659 1827 777 1868 festo
801 1827 949 1867 sancti
971 1827 1212 1868 Michaelis
1233 1828 1659 1881 quingentassmar-

399 1906 494 1943 cas,
516 1898 562 1934 et
585 1893 632 1933 in
655 1893 773 1933 festo
797 1891 990 1939 Paschae
1012 1893 1287 1945 quingentas
1317 1906 1523 1944 marcas3
1556 1906 1659 1947 sep-

399 1959 631 2010 tingentas
651 1957 826 1999 scilicet
846 1970 929 2010 pro
953 1970 1090 2009 regno
1121 1956 1320 2011 Angliae,
1352 1963 1398 1999 et
1428 1963 1658 2000 trecentas

398 2036 482 2076 pro
510 2035 652 2076 regno
685 2022 947 2073 Hiberniae3
979 2023 1120 2063 salvis
1157 2023 1285 2064 nobis
1321 2028 1367 2064 et
1403 2023 1659 2065 haeredibus

398 2089 583 2138 nostris,
602 2088 810 2143 justitiis,
833 2088 1138 2138 libertatibus,
1156 2093 1202 2129 et
1223 2089 1454 2142 regalibus
1474 2090 1656 2131 nostris.

400 2153 518 2205 Quae
541 2154 694 2195 omnia
717 2154 837 2195 sicut
863 2153 1084 2207 praedicta
1114 2159 1220 2195 sunt
1248 2159 1351 2196 rata
1382 2167 1482 2195 esse
1500 2155 1658 2196 volen-

399 2224 468 2260 tes
493 2232 546 2260 ac
568 2224 791 2273 perpetuo
816 2219 961 2269 firma,
983 2219 1241 2272 obligamus
1260 2233 1344 2261 nos
1371 2225 1419 2261 et
1450 2224 1463 2242 ‘
1479 2233 1660 2262 succes-

399 2297 526 2326 sores
557 2284 792 2326 nostros’⁴
822 2289 982 2325 contra
1014 2298 1102 2325 non
1133 2286 1316 2327 venire:
1354 2290 1401 2326 et
1420 2285 1457 2326 si
1482 2298 1565 2326 nos
1586 2286 1659 2327 vel

398 2350 564 2403 aliquis
585 2363 897 2391 successorum
919 2355 1176 2391 nostrorum
1198 2350 1282 2392 hoc
1299 2355 1523 2392 attentare
1543 2365 1661 2405 prae-

399 2416 660 2469 sumpserit,
683 2416 942 2469 quicunque
969 2415 1106 2457 fuerit
1135 2416 1228 2466 ille,
1250 2417 1335 2458 nisi
1357 2418 1660 2458 commonitus

399 2482 639 2535 resipuerit
659 2482 793 2522 cedat
814 2493 842 2521 a
856 2481 962 2535 jure
986 2482 1130 2534 regni.
1202 2481 1263 2523 Et
1283 2482 1379 2523 haec
1401 2488 1528 2524 carta
1547 2483 1660 2524 obli-

449 2661 457 2679 ¹
482 2663 557 2700 ‘et‚'
573 2662 647 2694 MS.
665 2662 789 2694 Lansd.
1094 2661 1107 2680 ³
1129 2662 1278 2693 Omitted
1296 2663 1328 2693 in
1345 2662 1420 2694 MS.
1437 2662 1560 2694 Lansd.

1095 2708 1107 2727 ⁴
1133 2707 1143 2724 ‘
1155 2708 1406 2739 successoribus
1421 2707 1566 2747 nostris,’
1586 2708 1661 2741 MS.

446 2750 459 2769 ²
481 2753 645 2792 Supplied
661 2753 743 2784 from
761 2752 836 2784 MS.
854 2753 978 2784 Lausd.
1050 2752 1140 2785 Cott.
1154 2753 1229 2785 Tib.
