1866 3186
461 298 687 330 WAn'rssm
720 299 782 330 nu
813 300 1187 331 HEMINGBURGH.
1387 278 1452 332 ⁴85

188 413 402 456 magnam
429 404 657 444 exercitus
687 413 863 458 partem
894 405 1066 446 sinistri
1100 405 1293 446 rumoris
1328 409 1450 446 atro·
1497 416 1595 448 nenry
1608 417 1648 442 ¹1-

187 468 326 510 citate
366 470 610 511 attonitam
644 471 889 512 enormiter
923 471 1082 524 fugere
1117 471 1451 524 compulerunt,
1481 450 1656 476 A.D.1157.

188 534 255 575 ita
276 540 328 576 ut
350 536 539 588 signifer
562 535 737 589 regius¹
760 537 930 578 vexillo
961 537 1082 590 regis
1112 538 1293 592 abjecto
1328 537 1451 590 sugae

186 612 236 640 se
277 601 496 651 crederet,
539 607 585 643 et
619 603 959 644 occurrentibus
1000 616 1153 656 regem
1195 603 1450 644 extinctum

186 666 501 718 proclamaret.
574 668 646 709 Ob
676 668 798 722 quod
828 669 1044 710 delictum
1074 667 1258 721 postea²
1286 681 1315 709 a
1337 682 1452 722 quo-

186 732 291 773 dam
315 734 415 775 viro
438 733 604 775 nobili³
623 734 891 788 proditionis
915 734 1015 788 ejus
1045 734 1241 775 dedecus
1270 734 1453 787 publice

186 804 460 852 opponente,
495 800 611 853 regii
647 800 806 852 vigore
842 799 1007 854 judicii
1049 798 1201 840 duello
1242 799 1452 840 addictus

188 870 274 914 est,
297 868 310 886 ‘
325 870 372 907 et
393 866 450 906 ab
474 865 632 906 eodem
654 863 927 913 devictus3'4
950 858 1083 919 quem
1107 869 1263 906 tamen
1275 864 1452 919 judicio

186 943 270 971 rex
288 931 447 972 mortis
463 922 720 972 subducens
742 931 864 985 apud
882 931 1159 985 Redyngum
1177 930 1451 972 monachum

186 996 309 1046 fecit,
353 1001 399 1038 et
444 997 768 1051 patrimonium
815 997 915 1051 ejus
962 997 1293 1050 amplissimum
1340 997 1452 1038 fisco

186 1063 466 1116 applicatum
506 1067 589 1104 est.
681 1062 890 1116 Cumque
934 1075 1016 1103 rex
1063 1063 1184 1104 otius
1228 1062 1452 1104 advolans

187 1130 420 1170 turbatum
438 1129 688 1171 exercitum
706 1129 891 1182 proprio
916 1128 1220 1170 exhilarasset
1243 1134 1449 1182 aspectu,

189 1196 434 1248 resumptis
455 1195 579 1236 illico
601 1195 763 1236 animis
783 1199 829 1236 et
851 1195 1040 1245 viribus,
1063 1194 1241 1236 confusi
1268 1195 1450 1236 ordines

186 1260 233 1301 in
270 1261 474 1303 ordinem
509 1262 730 1311 coierunt,
769 1260 988 1302 adversus
1027 1260 1217 1303 hostiles
1259 1261 1450 1302 insidias

186 1332 356 1368 extunc
402 1340 452 1369 se
503 1328 684 1369 cautius
730 1327 1019 1368 instruentes.
1110 1326 1319 1381 Cumque
1365 1341 1448 1369 rex

184 1393 377 1434 classem
397 1406 487 1434 non
515 1393 740 1434 modicam
771 1393 1020 1446 praeparari
1037 1392 1270 1447 jussisset,
1294 1398 1346 1434 ut
1370 1406 1449 1435 eos

185 1472 267 1512 per
297 1473 422 1501 mare
453 1459 706 1509 invaderet,
741 1460 896 1500 statim
928 1459 1070 1513 legati
1098 1458 1298 1500 hostium
1322 1460 1448 1500 veni-

185 1531 313 1567 entes
337 1525 525 1580 pacifice
555 1525 698 1568 locuti
727 1530 860 1577 sunt3
894 1530 940 1567 et
960 1525 1142 1567 traditis
1173 1525 1448 1578 quibusdam
1467 1543 1555 1568 reace
1566 1543 1665 1568 1³00„-

185 1591 342 1632 finium
364 1604 550 1632 suorum
570 1591 914 1641 munitionibus,
939 1591 1121 1632 tandem
1149 1603 1258 1632 suos
1283 1592 1448 1645 princi-
1464 1576 1665 1635 ssffidx‘fffflgo

186 1670 267 1711 pes
301 1657 399 1710 regi
435 1657 726 1698 adduxerunt
757 1657 1018 1710 homagium
1052 1657 1120 1698 illi
1155 1669 1256 1698 cum
1296 1643 1595 1698 sacra-¹¹⁰mage'

186 1724 349 1764 mentis
381 1723 625 1764 faciendos.
695 1722 830 1764 Pacis
870 1736 980 1775 ergo
1016 1735 1176 1764 sereno
1206 1727 1312 1775 post
1341 1723 1450 1764 belli

187 1789 391 1830 nubilum
413 1789 588 1842 gratius
618 1788 862 1838 arridente,
885 1788 1112 1829 exercitus
1143 1801 1247 1829 cum
1277 1788 1450 1841 gaudio

186 1855 244 1897 ad
268 1855 454 1909 propria
475 1867 684 1897 reversus
704 1859 800 1906 est3
833 1858 879 1896 et
899 1867 981 1895 rex
1003 1854 1061 1896 ad
1083 1854 1176 1896 alia
1189 1853 1289 1908 jam
1309 1867 1449 1907 nego—

187 1922 252 1963 tia
275 1933 538 1963 conversus.

235 2044 393 2085 Frater
411 2042 536 2098 Reyis
564 2041 773 2084 rebellavit
792 2043 838 2084 in
863 2040 1069 2084 Partibus
1091 2042 1399 2084 transmarinis.

253 2152 370 2194 Cum
405 2151 560 2205 igitur,
592 2151 762 2193 sedatis
801 2148 1149 2201 Wallensibus,⁵
1187 2151 1361 2204 Anglia
1401 2152 1446 2192 in
1465 2170 1629 2196 A.D.1156.

185 2232 298 2273 pace
341 2224 387 2259 et
426 2218 672 2259 securitate
717 2221 890 2270 ageret,
929 2217 1195 2258 nunciatum
1240 2223 1311 2259 est
1351 2218 1449 2271 regi

184 2285 371 2327 fratrem
411 2297 544 2325 suum
581 2283 852 2324 tumultuari
887 2283 935 2323 in
971 2283 1179 2336 partibus
1220 2288 1447 2324 transma-

184 2351 315 2399 rinis;
343 2350 476 2405 cujus
493 2362 633 2391 causa
656 2350 742 2390 fuit
766 2349 879 2390 haec.
951 2348 1116 2390 Comes
1138 2347 1447 2400 Andegaven-

184 2418 248 2458 sis
269 2421 399 2470 pater
414 2429 587 2465 eorum,
602 2428 703 2456 cum
720 2419 812 2456 tres
826 2414 1012 2456 haberet
1027 2414 1162 2463 filios,
1180 2413 1446 2463 Henricum,

233 2566 240 2584 ¹
267 2566 385 2605 Henry
403 2565 514 2595 Baron
536 2564 578 2595 de
596 2565 718 2605 Esaex,
744 2563 801 2595 he·
878 2561 891 2581 ⁴
914 2562 1065 2594 Omitted
1082 2563 1116 2593 in
1133 2562 1233 2594 MSS.
1250 2562 1338 2594 Coll.
1354 2563 1448 2596 Arm.

183 2613 332 2651 reditary
348 2610 651 2643 standard-beaten
832 2609 898 2640 and
915 2608 1003 2641 Cott.
1019 2609 1095 2640 Tib.

231 2657 244 2676 ²
266 2659 341 2689 Viz.
365 2659 418 2689 six
434 2667 532 2696 years
551 2656 636 2687 after
651 2656 706 2687 the
729 2656 801 2687 bat-

183 2706 229 2737 tle
244 2705 282 2737 os
293 2704 455 2736 Coleshill
472 2704 597 2734 Forest.
879 2699 892 2718 ⁵
913 2700 985 2732 The
999 2711 1101 2741 peace
1112 2700 1195 2732 with
1206 2700 1365 2732 Scotland
1383 2701 1449 2732 and

230 2750 243 2769 ³
267 2751 373 2792 Hugh
404 2751 446 2781 de
476 2749 649 2789 Montfort,
678 2758 738 2780 son
768 2748 806 2780 of
833 2747 1027 2787 expedition
1043 2747 1112 2778 into
1129 2747 1242 2778 Wales
1257 2747 1336 2778 took
1354 2747 1450 2787 place

186 2797 320 2830 Gilbert
338 2798 381 2829 de
397 2796 502 2829 Gant.
818 2794 920 2830 ‘aster
937 2793 1085 2834 Henry's
1101 2797 1213 2825 return
1228 2793 1310 2825 from
1323 2794 1435 2834 Anjou
1447 2817 1454 2824 .
