1866 3186
228 390 326 421 Hem-y
338 390 396 415 111.

227 424 263 447 A.
273 423 308 447 D.
322 423 395 447 126⁵.

426 266 514 308 320
572 310 578 317 ,
906 276 1184 307 0111101110οΝ

425 380 538 420 bant
564 379 717 431 plures
743 377 849 418 inde
879 390 1013 431 posse
1043 378 1241 419 deterius
1271 380 1479 430 evenire3
1511 384 1686 420 motus-

426 456 515 496 que
533 456 684 485 comes
704 443 827 484 misit
848 443 906 484 ad
927 447 1105 495 patrem
1129 455 1286 484 eorum
1305 444 1514 485 comitem
1539 445 1687 485 Simo-

425 522 545 558 nem,
577 513 622 549 et
656 508 789 560 petiit
823 508 911 548 sibi
948 508 1067 548 mitti
1097 508 1300 560 insignes
1331 510 1540 562 captivos
1571 523 1687 562 quos

426 574 524 626 ipse
555 575 740 626 ceperat
768 573 815 613 in
849 572 969 613 bello
1003 572 1059 614 de
1094 573 1268 622 Lewes,
1303 574 1422 614 inter
1453 587 1568 627 quos
1603 588 1687 615 rex

429 637 713 679 Alemanniae
743 637 1064 678 nominabatur
1094 638 1294 690 primus;
1333 642 1383 678 at
1403 638 1481 678 ille
1510 651 1689 680 reman-

426 703 540 744 dans
564 702 799 756 respondit
819 703 905 743 sibi
926 702 1132 743 sufficere
1153 702 1318 743 debere
1338 702 1461 755 quod
1482 703 1523 744 ei
1542 708 1688 745 terras

427 768 691 808 salvaverat
720 768 767 808 in
791 767 891 820 ipso
914 767 986 808 die
1009 767 1132 817 belli,
1165 767 1314 808 noluit
1344 780 1454 819 ergo
1478 768 1684 817 mittere;

427 833 507 873 sed
539 831 782 873 nobiliores
806 833 1009 874 servavit
1037 833 1084 872 in
1109 838 1260 873 castro
1285 832 1548 882 Doverniae,
1570 833 1690 874 inter

428 909 544 950 quos
570 897 657 938 fuit
687 897 784 949 ipse
811 896 1053 950 Philippus
1076 897 1261 946 Basset,
1286 898 1365 949 qui
1399 897 1446 937 in
1472 897 1688 939 conflictu

432 959 763 1002 Norhamtonae
785 974 963 1001 murum
993 961 1273 1011 confoderat,
1304 966 1357 1002 ut
1380 974 1432 1002 su
1438 974 1521 1014 pra
1543 963 1690 1003 conti-

430 1030 576 1067 netur.
670 1025 943 1077 Indignatus
1000 1039 1109 1078 ergo
1162 1039 1314 1067 comes
1369 1025 1689 1077 Gloucestriae,

430 1095 621 1143 accepto
662 1103 897 1143 responso,
935 1091 1058 1131 misit
1099 1092 1316 1133 continuo
1357 1091 1415 1131 ad
1456 1091 1689 1133 dominum

432 1155 669 1208 Rogerum
711 1155 768 1195 de
807 1155 1048 1196 Mortimer
1082 1156 1160 1209 qui
1195 1157 1317 1209 parti
1353 1156 1475 1208 regis
1511 1169 1690 1210 semper

431 1221 605 1273 absque
633 1220 883 1261 mutatione
905 1220 1176 1270 adhaeserat,
1200 1221 1321 1273 quod
1346 1226 1504 1262 mutuo
1531 1221 1689 1274 loque-

431 1289 590 1325 rentur
627 1285 714 1326 sibi
750 1297 834 1337 pro
874 1285 1074 1326 utilitate
1112 1286 1232 1338 regis
1270 1291 1317 1326 et
1354 1286 1498 1338 regni,
1531 1291 1580 1327 at
1613 1287 1691 1327 ille

433 1350 598 1391 timens
633 1363 689 1391 ne
721 1350 838 1390 forte
866 1363 970 1390 vere
999 1350 1144 1391 fidelis
1177 1355 1297 1391 esset
1326 1351 1457 1403 petiit
1485 1351 1689 1392 obsidem

432 1419 478 1455 et
502 1415 723 1458 obtinuit:
755 1414 1128 1455 convenientibus
1154 1415 1337 1455 tandem
1369 1415 1480 1467 ipsis
1506 1415 1626 1457 dixit
1648 1417 1690 1457 ei

431 1492 584 1520 comes
615 1479 767 1519 omnia
795 1492 898 1531 quae
928 1478 1052 1520 facta
1081 1485 1205 1528 sunt,
1233 1485 1279 1520 et
1315 1480 1437 1532 quod
1472 1481 1690 1532 poenituit

430 1557 534 1584 eum
555 1556 769 1597 peccasse
790 1544 836 1584 in
854 1557 1007 1596 regem
1028 1549 1074 1584 et
1093 1544 1269 1596 peccati
1289 1545 1516 1585 maculam
1539 1545 1690 1586 delere

430 1609 549 1650 velle
582 1609 629 1648 in
665 1608 932 1649 liberatione
967 1609 1111 1660 ipsius
1147 1622 1230 1661 pro
1262 1621 1423 1662 posse;
1469 1610 1692 1651 miserunt

430 1686 541 1726 ergo
563 1678 738 1714 secreto
761 1673 819 1714 ad
849 1673 1104 1714 Robertum
1129 1673 1315 1714 fratrem
1344 1674 1488 1726 ipsius
1511 1675 1690 1716 comitis

433 1738 738 1780 Gloucestriae
768 1739 846 1790 qui
881 1751 984 1779 cum
1016 1738 1181 1779 comite
1205 1738 1387 1779 Simone
1410 1740 1691 1790 morabatur,

432 1808 478 1844 et
509 1804 627 1845 inter
660 1803 830 1856 primos
867 1803 1012 1856 ipsius
1053 1816 1247 1855 magnus
1278 1804 1534 1854 tenebatur,
1579 1818 1692 1857 quo-

431 1869 568 1910 modo
594 1869 833 1909 unanimes
863 1868 1012 1910 effecti
1042 1873 1165 1916 sunt,
1197 1873 1243 1908 et
1275 1869 1398 1921 quod
1432 1869 1489 1909 ad
1523 1870 1688 1910 libera-

432 1934 598 1975 tionem
631 1933 711 1973 filii
743 1933 864 1984 regis
895 1933 1076 1973 cautius
1105 1933 1298 1973 instaret
1333 1945 1436 1973 cum
1469 1934 1525 1974 ad
1560 1934 1606 1974 id
1641 1946 1691 1975 se

432 1999 613 2039 offerret
644 2005 903 2050 opportuna
936 1997 1161 2038 facultas:
1202 1997 1414 2050 misitque
1446 1998 1692 2050 praedictus

433 2063 648 2115 Rogerus
691 2062 747 2102 de
792 2061 1033 2102 Mox-timer
1075 2061 1132 2102 ad
1176 2061 1319 2102 filium
1361 2063 1482 2114 regis
1524 2076 1692 2116 equum

433 2128 654 2180 optimum
679 2132 726 2167 et
755 2139 983 2167 cursorem
1010 2126 1344 2167 velocissimum
1367 2127 1413 2167 in
1438 2140 1529 2180 quo
1549 2128 1692 2169 confi-

433 2192 540 2233 dere
557 2196 714 2245 posset
738 2205 839 2232 cum
864 2192 951 2232 sibi
967 2191 1143 2232 videret
1164 2196 1344 2244 tempus
1367 2197 1691 2245 opportunum.

434 2256 614 2307 Quibus
661 2257 858 2309 cognitis
903 2256 1035 2309 petiit
1082 2255 1361 2298 Edwardus¹
1402 2257 1459 2298 de
1502 2258 1692 2299 consilio

480 2446 489 2465 ¹
516 2449 557 2479 In
579 2458 600 2479 a
627 2447 827 2487 parliament
853 2446 1046 2478 summoned
1079 2446 1179 2478 earl's
1193 2444 1316 2488 hands)
1333 2447 1397 2478 and
1415 2447 1500 2486 obey
1514 2447 1583 2478 him
1599 2448 1634 2478 in
1649 2447 1695 2478 all

433 2494 478 2533 by
501 2494 557 2525 the
581 2493 663 2524 Earl
684 2493 721 2523 of
741 2493 911 2524 Leicester
933 2495 968 2523 at
991 2492 1046 2523 the
1079 2492 1206 2532 things.
1237 2493 1387 2523 Edward
1397 2502 1470 2523 was
1480 2492 1694 2533 accordingly

433 2541 712 2570 commencement
726 2538 764 2569 of
783 2538 838 2569 the
854 2547 935 2577 year
950 2540 1048 2577 1265,
1080 2538 1235 2570 removed
1250 2538 1333 2569 from
1356 2538 1409 2569 his
1429 2538 1645 2569 confinement
1659 2539 1695 2568 in

433 2594 476 2615 au
491 2585 590 2615 order
601 2594 673 2615 was
688 2583 812 2623 passed
827 2583 878 2614 for
893 2584 948 2614 the
965 2584 1048 2614 libe·
1081 2584 1196 2615 Dover
1226 2583 1341 2615 Castle
1372 2584 1438 2614 and
1462 2584 1631 2614 delivered
1660 2586 1694 2614 to

433 2631 541 2661 ration
556 2630 593 2660 of
605 2630 727 2660 Prince
741 2629 955 2668 Edward,on
972 2639 1048 2659 con·
1082 2629 1134 2660 his
1156 2629 1276 2662 father.
1336 2629 1413 2662 Rot.
1431 2629 1523 2661 Cart.
1539 2631 1583 2660 49
1606 2629 1694 2660 Hen-

433 2676 539 2706 dition
554 2675 626 2706 that
640 2675 682 2706 he
693 2675 813 2706 should
825 2675 951 2705 remain
966 2674 1047 2705 with
1082 2675 1151 2707 111.
1167 2685 1212 2707 m.
1229 2678 1261 2707 5.

434 2720 487 2751 his
504 2721 612 2752 father
627 2720 722 2762 (then
738 2730 758 2751 a
778 2718 930 2760 prisoner
944 2720 978 2750 in
993 2719 1047 2751 the
