1866 3186
234 425 320 450 John.

194 459 228 484 A.
240 458 275 482 D.
290 458 366 483 1199.

177 513 237 538 The
251 513 329 545 King

175 546 304 571 crowned

177 582 206 604 at
219 579 310 604 West-

177 612 307 637 minster.

178 645 243 677 May
256 645 298 670 27.

188 1026 223 1051 A.
234 1026 269 1051 D.
284 1027 356 1051 1200.

175 1405 317 1436 Tuesday,

177 1439 251 1464 Nov.
264 1439 308 1463 21.

394 297 485 339 234
890 309 953 339 CH
958 309 1170 340 nomem<

395 425 647 466 versusque
677 412 708 454 J
712 412 914 454 ohannes
943 412 991 453 in
1019 411 1237 465 Angliam
1267 426 1296 455 a
1322 413 1495 468 populo
1524 418 1660 455 terrae

394 483 636 532 susceptus
678 483 764 528 est,
799 484 845 520 et
862 478 954 520 'die
987 476 1279 520 Ascensionis
1318 479 1504 521 Domini
1541 492 1660 520 anno

393 543 597 597 ejusdem
641 555 866 586 M.cxmx.
914 543 1035 597 apud
1078 543 1537 586 westmonasterium
1580 558 1662 598 per

393 609 658 653 Hubertum
678 609 1056 652 Cantuariensem
1084 609 1472 663 archiepiscopum
1493 610 1658 652 solem-

391 675 510 716 niter
542 676 590 717 in
625 689 781 730 regem
815 681 1110 718 consecratus
1140 686 1206 716 VI.
1237 675 1412 717 scilicet
1440 674 1661 718 kalendas

392 741 422 782 J
427 741 536 783 unii.

651 910 742 952 Rem
762 910 907 952 Scotiae
915 910 1024 965 fecit
1043 908 1123 951 sibi
1142 909 1406 966 Homayium.

460 1007 670 1049 Secundo
700 1020 819 1048 anno
848 1007 978 1060 regni
1009 1008 1080 1048 sui
1114 1007 1237 1048 misit
1269 1020 1353 1047 rex
1392 1006 1658 1061 Philippum

393 1073 749 1116 Dunelmensem
792 1073 1057 1126 episcopum
1105 1078 1152 1114 et
1194 1072 1430 1125 Rogemm
1480 1073 1656 1127 Bygot¹

392 1153 496 1181 cum
534 1139 680 1181 literis
722 1139 818 1180 suis
857 1139 1123 1192 patentibus
1167 1138 1223 1179 de
1261 1138 1391 1179 salvo
1429 1139 1656 1181 conductu

391 1210 438 1247 et
484 1205 632 1247 reditu
675 1204 733 1246 ad
773 1204 1056 1246 Willelmum
1097 1217 1251 1256 regem
1291 1204 1566 1255 Scotorum,2
1598 1205 1655 1246 de

391 1271 523 1326 cujus
563 1271 652 1312 fide
692 1270 953 1319 haesitabat,
989 1275 1200 1312 statuens
1240 1271 1282 1311 ei
1325 1270 1445 1311 diem
1481 1275 1655 1312 certum

392 1342 439 1379 et
470 1337 622 1378 locum
662 1336 785 1390 apud
819 1336 1120 1385 Lincolniam,
1158 1335 1334 1377 scilicet
1371 1336 1419 1376 in
1458 1337 1656 1378 erastino

392 1403 541 1446 sancti
577 1402 809 1443 Edmundi
847 1402 968 1455 regis
1002 1406 1048 1443 et
1081 1401 1313 1454 martyris,
1349 1402 1559 1442 veniendi
1598 1402 1654 1443 ad

392 1481 442 1509 se
485 1473 532 1509 et
564 1468 829 1520 homagium
875 1467 1085 1517 faciendi,
1125 1467 1297 1519 absque
1334 1467 1457 1507 omni
1496 1480 1654 1521 proro—

392 1534 577 1587 gatione
609 1533 682 1575 vel
716 1531 1043 1574 cavillatione.³
1113 1532 1207 1583 Qui
1237 1537 1427 1586 accepto
1462 1536 1475 1554 ‘
1496 1533 1654 1587 hujus-

389 1680 522 1710 aetatem
536 1681 683 1709 nostram
694 1676 894 1708 demandam
907 1686 1008 1716 quam
1040 1677 1160 1708 bamus
1182 1677 1226 1708 ad
1242 1687 1301 1708 vos
1325 1677 1579 1716 conducendos;
1602 1688 1658 1709 ve-

388 1724 500 1756 facitis
515 1724 618 1755 Petro
637 1724 680 1755 de
695 1723 870 1754 Malolacu
889 1723 932 1754 de
947 1724 1007 1755 vii.
1040 1732 1126 1763 rum,
1164 1724 1256 1763 quia,
1293 1724 1382 1755 sicut
1417 1733 1478 1763 per
1514 1725 1656 1756 nuncios

389 1770 473 1803 min.
498 1779 599 1802 marc.
617 1779 678 1809 per
697 1778 784 1808 quas
808 1769 906 1800 finem
929 1769 1009 1800 fecit
1040 1773 1168 1801 vestros
1183 1770 1388 1810 accepimus,
1410 1770 1540 1801 scilicet
1554 1771 1657 1802 abba-

388 1826 466 1848 cum
482 1816 628 1847 Domino
641 1815 796 1847 Johanne
807 1824 897 1856 rege,
912 1818 1007 1855 patre
1020 1812 1023 1874 1
1039 1818 1106 1847 tem
1122 1816 1164 1847 de
1179 1815 1419 1856 Aberbrothoc‚
1436 1816 1655 1848 Willielmum

390 1865 514 1902 nostro,
535 1872 597 1902 pro
625 1861 781 1893 habenda
805 1861 840 1892 in
869 1871 1023 1932 uxorem.
1041 1861 1176 1902 Cumin,
1201 1865 1235 1893 et
1259 1862 1478 1894 Willielmum
1509 1862 1656 1903 Giffard,

389 1908 552 1940 Ysabella
573 1908 643 1939 filia
665 1912 699 1939 et
722 1907 846 1939 herede
868 1908 1022 1938 Robertiv
1040 1908 1219 1947 ignorastis
1240 1908 1330 1947 quod
1344 1909 1544 1940 conductum
1559 1909 1656 1940 vobis

390 1954 433 1986 de
457 1953 684 1986 'I‘urnehaml'
731 1953 814 1984 Fine
838 1953 933 1984 Rolls
947 1953 1006 1985 ΑΟ.
1040 1954 1250 1993 miseramus,
1261 1963 1304 1985 ex
1322 1954 1529 1986 habundanti
1548 1955 1654 1986 dilec-

391 2002 411 2030 4
428 2000 518 2031 Heu.
536 1999 607 2031 111.
1039 1999 1129 2030 tione
1144 1999 1188 2030 ad
1204 2009 1263 2030 vos
1278 2000 1440 2031 mittimus
1455 2000 1596 2032 dilectos
1619 2003 1653 2032 et

438 2044 447 2063 ¹
467 2045 609 2077 Besides
624 2044 730 2084 these,
746 2044 911 2076 Hoveden
926 2054 1007 2076 enu-
1039 2044 1154 2076 fideles
1198 2048 1329 2077 nostros
1372 2046 1414 2077 R.
1457 2046 1653 2086 episcopum

391 2094 533 2123 merates
557 2091 676 2130 Henry
701 2090 744 2122 de
776 2090 899 2121 Bohun
923 2090 1005 2122 Earl
1039 2091 1146 2122 sancti
1163 2091 1321 2130 Andreae,
1336 2091 1442 2123 Saher
1455 2092 1498 2123 de
1516 2092 1653 2132 Quinci,

392 2138 430 2169 of
442 2137 620 2177 Hereford,
635 2136 750 2168 David
760 2136 842 2167 Earl
857 2136 895 2167 of
906 2136 1006 2168 Hun-
1040 2137 1219 2177 Hugouem
1234 2137 1277 2168 de
1287 2138 1458 2178 Moreuill,
1467 2141 1501 2169 et
1515 2139 1655 2170 fficard-

392 2184 543 2224 tingdon,
563 2184 675 2223 Roger
688 2182 731 2214 de
756 2182 856 2214 Lasci
877 2186 1007 2214 consta·
1039 2193 1096 2214 um
1113 2184 1318 2221 Mallabissi,
1338 2194 1400 2224 per
1421 2185 1514 2224 ipsos
1538 2187 1572 2216 et
1593 2194 1654 2224 per

391 2230 446 2261 ble
461 2230 499 2261 of
515 2229 667 2270 Chester,
681 2229 831 2261 William
846 2229 889 2260 de
904 2229 1004 2260 Vesci
1040 2229 1101 2261 has
1116 2230 1245 2261 litteras
1259 2233 1390 2262 nostras
1412 2234 1564 2270 patentes
1589 2231 1655 2263 sal-

391 2276 458 2308 and
474 2276 599 2307 Robert
611 2275 654 2307 de
675 2275 774 2314 Ross,
788 2275 845 2307 the
866 2275 959 2315 King
973 2275 1012 2306 of
1038 2285 1115 2307 vum
1131 2276 1227 2308 vobis
1243 2279 1277 2308 et
1290 2276 1368 2316 hiis,
1383 2286 1467 2316 quos
1481 2277 1653 2308 vobiscum

391 2322 579 2354 Scotland’s
605 2322 828 2360 sons·in-law‚
855 2321 921 2352 and
940 2322 1006 2353 Ro-
1038 2322 1182 2362 ducetis,
1218 2322 1418 2354 conductum
1454 2326 1653 2362 praestantes

390 2369 466 2400 bert
478 2368 690 2408 Fitz-Roger,
705 2367 824 2398 sheriff
832 2368 870 2398 of
882 2368 1006 2399 North·
1038 2367 1082 2399 ad
1097 2377 1156 2399 nos
1167 2368 1321 2399 veniendi
1336 2372 1370 2400 et
1383 2369 1418 2399 in
1433 2369 1528 2400 curia
1542 2372 1655 2400 nostra

390 2414 599 2446 umberland.
648 2411 733 2453 Rog.
757 2413 800 2444 de
830 2413 1006 2454 Hoveden,
1038 2423 1162 2445 moram
1188 2414 1346 2454 faciendi,
1371 2418 1406 2446 et
1428 2415 1521 2446 salvo
1542 2420 1576 2446 et
1600 2425 1653 2446 se-

390 2461 469 2492 Rer.
485 2460 574 2500 Ang.
592 2460 714 2499 Script.
731 2462 808 2490 811.
1038 2469 1118 2491 cure
1133 2461 1168 2491 in
1184 2464 1296 2499 partes
1312 2464 1439 2492 vestras
1454 2460 1652 2493 redeundi.”

436 2504 450 2525 ²
475 2506 509 2538 It
534 2515 642 2538 seems
669 2505 741 2536 that
762 2505 818 2536 the
849 2505 942 2545 King
972 2505 1021 2536 of*
1039 2506 1164 2545 Rymer
1179 2506 1334 2546 Foedera,
1349 2508 1373 2538 i.
1390 2509 1443 2538 81.

390 2553 547 2584 Scotland
572 2552 640 2583 had
666 2550 831 2583 hesitated
854 2554 887 2582 to
911 2561 1004 2582 come
1083 2550 1097 2569 ³
1121 2552 1286 2583 Hoveden
1323 2552 1460 2584 informs
1497 2561 1551 2592 us,
1580 2552 1654 2583 that

390 2599 458 2630 into
474 2598 641 2638 England,
656 2597 707 2628 for
721 2598 756 2628 in
770 2597 826 2629 the
842 2596 913 2628 sare
929 2607 1003 2628 con—
1036 2598 1352 2638 immediatelyafter
1359 2598 1652 2637 Richard’sdeath,

390 2645 482 2684 duct,
505 2645 608 2676 dated
624 2647 659 2675 at
675 2643 876 2676 Gloucester
890 2653 932 2674 on
947 2644 1003 2675 the
1037 2644 1185 2675 William
1208 2645 1263 2676 the
1287 2645 1371 2676 Lion
1394 2647 1468 2675 sent
1481 2645 1652 2675 ambassa-

391 2691 468 2721 aoth
484 2691 522 2721 of
533 2690 690 2729 October,
706 2699 759 2720 we
775 2689 855 2720 read
871 2689 926 2721 the
942 2689 1004 2720 fol·
1035 2689 1114 2721 dors
1135 2693 1169 2721 to
1193 2690 1248 2722 the
1272 2691 1402 2722 council
1419 2690 1456 2721 of
1474 2690 1529 2720 the
1554 2690 1650 2729 king-

388 2736 513 2776 lowing
526 2736 809 2767 :—“Mi⁸eramus
820 2735 915 2766 vobis
925 2745 1002 2767 con·
1035 2736 1124 2775 dom,
1146 2737 1317 2768 convened
1340 2739 1376 2767 at
1395 2735 1651 2775 Northampton,

389 2781 527 2813 ductum
553 2782 686 2821 qualem
713 2782 863 2813 sufficere
890 2782 1001 2813 crede·
1034 2782 1236 2821 demanding
1256 2782 1328 2813 that
1344 2781 1649 2813 Northumberland
