1866 3186
436 251 661 282 WALTERI
696 250 757 280 DE
788 251 889 282 HEM
897 251 1167 282 INGBURGH.
1381 241 1440 282 75

166 354 373 408 partibus
415 353 568 395 omnia
609 353 696 394 sibi
717 365 727 376 ·
745 354 901 407 quieta
937 354 1037 409 Jam
1083 358 1250 405 essent,
1294 367 1438 408 regno
1490 366 1623 399 soepuen.

166 419 365 472 Angliae,
387 419 510 472 quod
532 419 619 460 sibi
637 419 743 473 jure
766 425 972 461 materno
991 420 1293 473 competebat,
1314 420 1437 462 frau-
1472 401 1552 426 A'D‘
1565 399 1638 424 ¹¹⁵²

166 486 266 526 dari
286 484 475 526 ulterius
504 497 595 526 non
629 485 880 538 disposuit3
912 486 1076 526 timens
1104 491 1258 527 tamen
1284 499 1440 539 regem

169 551 450 592 Francorum
479 563 532 591 eo
563 551 686 603 quod
709 564 794 591 rex
825 550 1084 604 Stephanus
1110 564 1195 592 sua
1220 550 1441 594 affinitate

167 617 415 669 gaudebat,
455 616 787 657 Normanniam
828 617 943 658 bene
981 617 1201 658 munitam
1239 622 1286 659 et
1319 616 1442 658 suffi-

169 683 342 723 cienter
373 682 644 731 ordinatam,
679 682 727 722 in
766 694 880 735 pace
912 681 1122 734 reliquit;
1173 687 1220 723 et
1259 683 1306 723 in
1340 682 1440 724 An-
1458 693 1612 725 neumn-

1457 727 1543 752 vades
1557 726 1631 758 Eng-
1665 723 1680 730 ‘

169 748 310 800 gliam
353 748 556 797 veniens,
600 759 691 788 non
730 746 943 800 amplius,
984 751 1036 787 ut
1081 746 1263 797 dicitur,
1303 760 1442 801 quam
1457 760 1535 786 nana.

170 819 352 855 centum
409 824 490 854 XL.
543 812 721 865 equites
776 817 824 853 et
878 812 1084 865 peditum
1154 812 1245 854 tria
1299 812 1445 854 millia

171 892 323 920 secum
354 877 576 919 adduxit:
622 877 703 918 sed
739 877 941 919 adventu
973 877 1073 932 ejus
1108 877 1294 931 cognito
1336 892 1445 920 mox

171 944 450 986 ferventibus
501 943 666 984 animis
717 948 1031 985 convenerunt
1089 943 1149 984 ad
1215 957 1320 985 eum
1365 945 1446 998 qui

172 1010 307 1051 matri
347 1009 447 1064 ejus
489 1010 547 1050 ab
587 1008 717 1050 initio
760 1008 992 1051 favebant.
1080 1008 1262 1051 Auctus
1305 1011 1448 1063 igitur

172 1075 436 1128 ingentibus
490 1074 635 1128 copiis
685 1074 924 1116 confestim
972 1075 1271 1116 munitionem
1323 1075 1446 1117 Mal-

173 1141 527 1190 mesbiriensem,
579 1139 678 1192 ubi·
722 1140 846 1193 regis
911 1140 1132 1193 Stephani
1183 1141 1447 1194 praesidium

174 1211 287 1256 crat,
320 1205 523 1256 obsedit;
557 1206 636 1246 ubi
667 1218 752 1246 rex
786 1206 1064 1259 Stephanus,
1102 1219 1207 1247 cum
1239 1206 1333 1248 filio
1363 1220 1448 1249 suo

175 1272 425 1314 Eustachio
461 1272 681 1312 acerrimo
711 1271 899 1326 juvene,
934 1272 1055 1313 otius
1091 1272 1314 1315 advolans
1343 1272 1449 1315 hos-

174 1343 267 1380 tem
299 1338 356 1380 ad
389 1337 603 1391 proelium
637 1338 934 1391 provocavit;
981 1336 1061 1379 sed
1095 1338 1173 1380 ille
1208 1339 1255 1380 in
1285 1339 1449 1380 castris

174 1417 224 1446 se
264 1404 518 1454 continens,
539 1417 593 1445 eo
633 1403 756 1458 quod
795 1416 982 1445 manum
1022 1404 1244 1458 imparem
1279 1404 1449 1446 habere

175 1471 423 1521 videretur,
460 1469 622 1511 saltem
665 1483 749 1523 pro
795 1474 1002 1524 tempore
1051 1470 1160 1512 belli
1207 1471 1451 1512 discrimen

176 1537 384 1578 consulte
407 1536 680 1578 declinavit:
711 1549 796 1577 rex
820 1549 930 1578 vero
959 1550 1063 1578 cum
1093 1550 1240 1590 neque
1269 1537 1449 1579 hostem

177 1602 410 1645 commode
442 1607 600 1656 posset
626 1602 845 1656 impetere
881 1616 1028 1656 neque
1058 1603 1333 1657 prolixiores
1365 1617 1447 1645 ex-

176 1669 334 1711 cubias
363 1669 484 1710 circa
511 1673 664 1710 castra
687 1681 746 1709 ex
773 1673 875 1710 tuto
905 1681 1057 1721 agere,
1078 1669 1224 1710 otiose
1247 1670 1449 1719 recessit,

178 1740 224 1776 et
264 1736 451 1776 obsessa
493 1734 683 1775 munitio
726 1735 774 1775 in
815 1738 1046 1788 potestate
1087 1735 1335 1776 obsidentis
1377 1748 1449 1776 re-

178 1802 373 1852 mansit3
406 1801 753 1854 augebaturque
771 1800 946 1841 militiae
961 1813 1192 1850 numerus,
1211 1805 1258 1842 et
1276 1800 1448 1842 favori-

178 1868 263 1908 bus
301 1867 529 1908 sociorum
574 1866 1042 1919 concurrentibusque
1087 1866 1145 1907 ad
1186 1879 1288 1907 eum
1328 1866 1448 1920 opti-

178 1932 377 1974 matibus
411 1931 567 1973 multis
601 1932 679 1985 qui
706 1944 734 1973 a
762 1945 870 1985 rege
905 1931 1140 1985 Stephano
1169 1931 1448 1982 defecerunt,

177 1999 243 2041 ita
278 2003 330 2040 ut
354 1998 470 2053 jam,
496 1998 784 2039 incrementis
812 1997 977 2039 virium
1011 2003 1057 2039 et
1086 1997 1304 2039 felicitate
1345 2011 1447 2040 suc-

178 2078 404 2114 cessuum,
426 2064 555 2105 ducis
581 2063 729 2117 gloria
753 2077 918 2105 nomen
938 2064 1115 2117 regium
1139 2065 1447 2107 obumbraret.

179 2130 486 2172 Stanfordiam
526 2142 636 2182 ergo
672 2142 774 2170 cum
814 2130 1038 2171 instructo
1077 2130 1280 2171 exercitu
1320 2130 1448 2180 adiit,

179 2209 272 2250 qua
312 2195 520 2237 celeriter
563 2199 832 2248 expugnata
870 2199 917 2236 et
958 2199 1109 2248 capta,
1151 2196 1450 2238 munitionem

179 2263 317 2305 etiam
338 2266 442 2315 post
461 2273 633 2314 paucos
653 2260 749 2302 dies
767 2260 989 2312 obtinuit;
1012 2260 1208 2313 indeque
1229 2274 1278 2302 se
1299 2261 1450 2303 diver·

179 2334 279 2370 tens
299 2328 431 2369 irruit
450 2339 586 2380 super
608 2326 908 2380 Notingham,
930 2339 1023 2379 qua
1041 2339 1149 2367 mox
1168 2331 1450 2379 expugnata,

181 2399 226 2436 et
264 2394 428 2446 opibus
463 2397 657 2434 vacuata
683 2393 887 2442 recessit,
918 2391 1269 2446 ‘oppugnandae
1307 2393 1451 2433 muni-

182 2460 318 2501 tionis
347 2471 450 2512 quae
478 2462 644 2499 natura
671 2457 760 2499 loci
792 2457 1163 2510 inexpugnabilis
1195 2457 1450 2508 videbatur,

181 2538 367 2580 operam
388 2525 570 2565 inanem
583 2521 841 2565 omittens.'²
888 2522 1002 2564 Inde
1017 2523 1075 2564 ad
1093 2523 1184 2564 alia
1203 2536 1452 2565 conversus

219 2652 226 2670 ¹
246 2652 256 2669 ‘
268 2651 416 2690 Operam
433 2653 543 2681 autem
561 2650 692 2680 inanem
705 2649 800 2680 omit·
834 2658 872 2680 ra
894 2649 959 2680 loci
987 2649 1227 2691 impugnabilis
1251 2650 1452 2683 videbatur?

181 2703 266 2738 tens,
282 2697 520 2737 oppugnandae
545 2696 675 2727 scilicet
691 2696 799 2726 muni·
837 2695 912 2727 MS.
932 2695 1056 2728 Lansd.

179 2745 280 2776 tionis
304 2744 454 2783 ejusdem
480 2743 582 2782 villae,
607 2752 683 2781 quae
705 2746 799 2774 natu-
