1866 3186
482 262 709 292 WAmfflu
742 261 803 291 DE
835 261 1213 292 nssmmcnuncn.
1390 250 1475 291 311

211 363 406 404 eundum
434 369 590 405 essent
619 369 787 414 erecta,
807 363 957 405 factus
988 369 1060 406 est
1088 363 1247 416 utique
1269 362 1474 404 ululatus

212 428 398 478 multus,
411 434 457 470 et
468 429 643 470 clamor
665 429 823 483 populi
843 429 1051 471 ascendit
1074 429 1132 470 ad
1152 429 1364 478 barones,
1385 428 1475 469 fes-

212 493 569 548 tinaveruntque
621 495 790 536 ibidem
834 495 1060 544 resistere,
1102 493 1182 536 sed
1225 494 1473 544 incassum,

212 559 428 612 quoniam
451 561 509 600 ab
534 560 742 602 hostibus
768 560 868 614 jam
899 561 948 601 in
982 571 1152 612 magna
1183 559 1474 601 multitudine

211 626 435 676 praeventi
468 630 604 677 sunt;
636 625 794 667 Simon
828 638 939 667 vero
965 625 1153 679 juvenis
1188 637 1291 666 cum
1331 623 1472 665 Petro

212 689 269 730 de
303 690 599 732 Monte-forti
633 695 679 732 et
713 691 874 744 paucis
915 703 1019 732 eum
1051 690 1349 743 sequentibus
1390 702 1473 742 per

211 755 407 796 medium
459 768 613 796 eorum
663 756 939 804 transiliens,
981 767 1085 796 cum
1140 754 1474 807 aliquantisper

210 824 395 861 strenue
429 820 674 861 militasset
702 825 749 861 et
782 824 904 861 esset
941 820 1000 860 ab
1034 819 1244 860 hostibus
1278 818 1471 860 circum-

211 889 387 937 septus,
410 885 682 927 adveniente
696 885 796 939 jam
826 885 920 926 filio
941 883 1063 937 regis
1089 883 1318 925 Edwardo
1334 883 1471 937 jussu

211 949 354 1002 ipsius
383 955 548 1003 captus
576 954 671 1001 est;
704 950 857 991 clerici
889 961 998 992 vero
1026 949 1339 990 universitatis
1374 948 1473 990 Ox—

212 1015 347 1065 oniae,
387 1027 490 1068 quae
535 1015 719 1068 quidem
762 1015 1036 1056 universitas
1070 1014 1206 1068 jussu
1247 1014 1472 1055 baronum

211 1079 379 1120 ibidem
418 1080 645 1121 translata
676 1080 841 1129 suerat,
883 1080 996 1133 ipsis
1035 1078 1395 1132 ingredientibus
1425 1084 1472 1120 et

211 1144 537 1186 insultantibus
555 1144 732 1199 majora
751 1144 1008 1186 inferebant
1027 1144 1150 1185 mala
1164 1156 1302 1197 quam
1317 1145 1471 1185 caeteri

211 1209 406 1251 barones
428 1223 531 1251 cum
552 1210 720 1260 fundis,
741 1215 788 1252 et
811 1211 1022 1260 arcubus,
1042 1214 1090 1251 et
1115 1209 1311 1259 balistis,
1331 1208 1470 1250 habe-

211 1275 323 1315 bant
346 1275 466 1315 enim
486 1275 708 1317 vexillum
737 1288 818 1329 per
848 1288 898 1316 se
930 1280 978 1316 et
1009 1275 1056 1315 in
1084 1274 1278 1316 sublime
1307 1279 1470 1316 contra

209 1351 364 1391 regem
403 1345 631 1392 erectum3
674 1340 794 1382 unde
824 1341 971 1382 iratus
1000 1352 1084 1381 rex
1107 1339 1287 1394 juravit
1320 1340 1369 1380 in
1398 1340 1467 1380 in-

210 1417 373 1456 gressu
407 1405 525 1457 quod
562 1406 947 1459 suspenderentur
976 1417 1149 1455 omnes,
1183 1418 1276 1458 quo
1310 1404 1469 1446 audito

210 1474 422 1510 raserunt
442 1470 595 1523 capita
623 1483 709 1512 sua
738 1470 871 1512 multi
902 1474 950 1511 et
979 1470 1136 1522 sugam
1157 1470 1237 1523 qui
1255 1475 1470 1523 poterant

213 1534 415 1575 velocem
457 1535 672 1577 inierunt.
743 1536 960 1589 Ingresso
988 1536 1146 1589 itaque
1175 1548 1284 1588 rege
1317 1535 1365 1576 in
1395 1548 1472 1575 ur-

213 1600 333 1648 bem,
357 1599 531 1640 utinam
566 1605 789 1650 sanctam,
821 1601 1038 1654 fugerunt
1071 1600 1219 1650 multi,
1248 1601 1315 1641 ita
1351 1601 1472 1642 sicut

214 1669 346 1705 erant
381 1666 561 1715 armati,
597 1666 645 1706 in
684 1671 912 1718 castrum3
945 1665 1023 1706 alii
1059 1665 1231 1706 relictis
1266 1665 1396 1717 equis
1425 1670 1472 1707 et

212 1730 352 1770 armis
392 1731 440 1771 in
475 1730 741 1783 ecclesiam3
772 1731 908 1784 pauci
940 1735 1094 1772 tamen
1125 1734 1396 1771 corruerunt
1425 1735 1473 1772 et

212 1794 258 1835 hi
282 1795 464 1847 quidem
497 1796 553 1837 de
582 1797 812 1838 communi
840 1795 1027 1850 populo,
1048 1808 1133 1836 nec
1167 1800 1267 1837 erat
1301 1795 1472 1837 multus

212 1862 400 1913 sanguis
418 1861 605 1912 effusus,
626 1862 841 1915 quoniam
865 1862 997 1915 quasi
1019 1861 1172 1903 subito
1196 1861 1295 1902 haec
1319 1861 1473 1903 omnia

211 1926 336 1967 facta
358 1931 494 1968 sunt:
526 1927 770 1980 pacificata
799 1927 983 1969 tandem
1014 1927 1126 1967 urbe
1139 1926 1283 1981 jussit
1311 1939 1395 1967 rex
1424 1927 1471 1967 in

209 1991 387 2032 clericis
408 1993 612 2034 exerceri
644 1993 765 2046 quod
792 1993 1060 2047 juraverat3
1092 1996 1140 2033 et
1166 1992 1384 2033 dixerunt
1414 1992 1471 2042 ei,

213 2055 385 2098 “Absit
406 2057 492 2098 hoc
508 2071 537 2098 a
548 2063 611 2108 te,
626 2059 665 2099 O
681 2071 777 2109 rex,
792 2071 899 2100 nam
913 2058 1269 2110 filiimagnatum
1289 2062 1471 2099 tuorum

213 2126 260 2162 et
294 2126 564 2163 caeterorum
599 2123 831 2164 hominum
866 2124 922 2164 de
959 2136 1101 2175 regno
1133 2127 1214 2164 tuo
1246 2123 1336 2163 huc
1367 2135 1471 2163 cum

214 2187 511 2228 universitate
531 2193 857 2237 convenerunt,
871 2200 986 2241 quos
1009 2188 1049 2228 si
1072 2187 1287 2241 suspendi
1311 2187 1471 2229 feceris

212 2264 294 2292 seu
317 2252 577 2293 detruncari
597 2254 836 2305 insurgent
855 2253 903 2293 in
922 2257 969 2294 te
990 2252 1128 2294 etiam
1150 2252 1217 2293 tui
1236 2252 1315 2305 qui
1335 2252 1471 2294 modo

213 2322 363 2357 tecum
395 2322 519 2367 sunt,
544 2331 634 2360 non
672 2319 988 2371 permittentes
1023 2330 1106 2370 pro
1129 2329 1264 2371 posse
1285 2317 1471 2369 sangui-

210 2394 312 2422 nem
344 2382 538 2423 filiorum
569 2396 755 2425 suorum
787 2396 867 2424 seu
901 2383 1214 2436 proximorum
1244 2381 1413 2423 effundi
1429 2382 1471 2423 :''

210 2447 510 2500 placatusque
531 2454 601 2490 est
622 2461 720 2499 rex,
747 2453 794 2490 et
809 2452 969 2489 contra
989 2447 1177 2490 clericos
1198 2447 1374 2500 quievit
1401 2447 1471 2488 ira

212 2512 327 2565 ejus.
398 2513 455 2553 In
475 2514 576 2566 ipso
609 2514 747 2555 etiam
771 2514 927 2555 eodem
954 2513 1042 2562 die,
1063 2517 1168 2566 post
1199 2512 1356 2554 horam
1386 2512 1469 2554 ali-

211 2583 447 2630 quantam,
468 2579 685 2620 insultum
716 2579 921 2619 fecerunt
956 2578 1014 2619 ad
1050 2582 1249 2618 castrum
1281 2578 1368 2631 ipsi
1398 2590 1468 2619 rc-

212 2643 356 2694 galeS,
378 2643 717 2697 timueruntque
738 2645 823 2685 sibi
848 2642 955 2684 novi
974 2647 1248 2693 castrenses,
1270 2655 1324 2683 eo
1346 2642 1466 2696 quod

210 2707 427 2749 victualia
447 2713 494 2750 et
523 2714 691 2751 caetera
723 2708 958 2751 resistendi
997 2708 1254 2749 necessaria
1274 2721 1364 2749 non
1387 2707 1467 2748 ha-

1508 371 1607 402 fleury
1621 370 1679 396 111.

1508 404 1544 430 A.
1554 404 1588 429 D.
1603 404 1678 428 1264.
