1866 3186
255 285 343 327 354
758 296 1019 327 LEOTIONES
1050 296 1226 327 vAmAE.

258 388 334 420 PAQ.
384 388 451 412 Lm.
501 387 690 411 EngPLAR.
925 389 1189 412 REMINGBURGR.

261 430 360 480 281,
383 430 453 478 23,
473 434 609 470 nostro
632 459 641 468 .
669 459 680 470 .
709 459 719 470 .
789 434 948 471 nostro
989 435 1083 471 tam
1126 429 1280 471 clerici
1322 442 1460 482 quam
1499 429 1605 471 laici
1645 429 1723 470 ob·
1791 449 1793 451 ·

459 493 659 535 observem
820 501 1022 537 servent.

259 596 327 603 -
386 572 455 620 25,
477 570 608 626 iyitur
790 576 961 613 autem.

261 671 328 678 —
387 647 455 697 26,
489 646 729 688 concessione
796 648 1102 697 concessione,
1132 648 1395 698 donatione,
1416 654 1462 689 et
1483 647 1722 689 confirma-

461 717 499 753 et
512 711 728 754 donatione
824 713 963 755 tione.

262 810 329 817 —
389 785 459 836 27,
477 786 724 838 libertatum,
793 787 949 830 deswnt.

461 853 613 908 majori

262 954 330 962 -—
389 929 459 977 28,
480 927 580 970 aliis
792 929 910 971 deest.

262 1029 329 1038 —-
387 1005 456 1053 31,
478 1004 658 1061 omnium
791 1005 992 1047 omnium
1011 1007 1247 1048 bonorum.

264 1081 364 1130 282,
414 1082 456 1130 3,
472 1079 728 1136 aliquid,hoc
795 1081 922 1134 quid,
943 1081 1055 1123 haec.

264 1156 470 1206 282-283,
530 1159 569 1206 5,
627 1156 739 1203 Ηίἱε,
795 1157 936 1198 Teste
978 1158 1152 1211 meipso
1196 1158 1318 1212 apud
1361 1158 1723 1200 Westmonaste-

462 1220 624 1263 testibus
646 1253 655 1262 .
679 1252 687 1261 .
714 1252 722 1260 .
822 1223 940 1263 rium
962 1228 973 1246 ‘
992 1235 1055 1266 VI.
1079 1224 1152 1264 die
1180 1224 1419 1266 Februarii
1446 1237 1566 1266 anno
1592 1226 1721 1277 regni

461 1301 565 1328 nono
820 1289 965 1330 nostri
985 1290 1138 1331 nono.'
1154 1288 1167 1310 ¹
1204 1288 1208 1292 ’

431 1416 771 1458 CONFIRMATIO
797 1416 1077 1460 CARTARUM
1101 1429 1152 1460 IN
1175 1419 1360 1460 AE'rA'rE
1385 1429 1552 1460 PLENA.

260 1515 358 1564 283,
409 1516 447 1565 9,
517 1515 723 1556 Henricus
791 1514 1020 1557 Henricus
1061 1517 1149 1557 Dei
1187 1517 1353 1569 gratia,
1393 1529 1538 1569 usque
1582 1515 1719 1557 finem

550 1611 559 1620 .
592 1594 723 1621 omnes
819 1580 1006 1633 Magnae
1029 1581 1197 1623 Cartae.
1275 1582 1413 1623 Nunc
1437 1587 1590 1623 autem
1611 1595 1719 1622 con-

459 1643 664 1687 libertates
817 1647 1037 1688 cessimus
1072 1652 1118 1688 et
1150 1648 1365 1700 praesenti
1397 1651 1526 1688 carta
1560 1652 1718 1688 nostra

819 1711 1189 1753 confirmavimus
1231 1712 1443 1754 omnibus
1485 1712 1717 1766 praedictis

817 1776 874 1817 de
889 1790 1032 1830 regno
1046 1782 1203 1819 nostro
1217 1790 1373 1819 omnes
1391 1778 1640 1820 libertates,

257 1851 358 1900 283,
381 1852 449 1900 21,
470 1851 643 1892 minoris
659 1864 715 1892 es·
784 1853 830 1894 in
853 1853 1025 1896 minore
1050 1867 1254 1896 essemus
1277 1858 1430 1895 aetate.

453 1916 717 1958 semusaetatis

256 1991 352 2040 284,
406 1993 444 2041 1,
465 1997 503 2033 et
515 1992 715 2046 praeoipi-
782 1993 937 2035 desunt.

454 2069 543 2097 mus

254 2158 320 2164 —
410 2133 451 2181 6,
473 2146 515 2173 eo
783 2133 901 2174 deest.

252 2229 317 2237 -
408 2205 444 2257 7,
454 2208 633 2262 fuerumt
781 2208 964 2250 fuerint.

251 2307 318 2315 —
405 2284 446 2332 8,
468 2283 569 2325 Hiis
602 2285 711 2326 testi·
782 2284 889 2325 Hiis
912 2284 1121 2335 testibus,
1144 2285 1385 2329 Edmundo
1410 2286 1711 2330 Cantuarien-

452 2347 523 2390 bus
547 2379 557 2389 .
586 2380 595 2389 .
618 2381 628 2390 .
653 2350 713 2391 vi·
809 2350 873 2390 sis
889 2349 1230 2405 archiepiscopo
1249 2357 1295 2393 et
1315 2353 1525 2394 omnibus
1543 2354 1645 2394 aliis
1662 2354 1707 2394 in

452 2413 594 2455 cesimo
619 2415 713 2469 pri·
811 2414 988 2467 Magna
1029 2415 1169 2458 Carta
1203 2418 1465 2460 nominatis.
1534 2419 1707 2460 Datum

451 2492 528 2520 mo.
810 2492 892 2532 per
931 2493 1118 2522 manum
1160 2483 1432 2524 venerabilis
1463 2484 1607 2537 patris
1646 2484 1706 2525 R.

813 2543 1112 2587 Cicestrensis
1180 2548 1381 2601 episcopi
1448 2549 1707 2591 cancellarii

809 2610 955 2651 nostri
999 2622 1182 2653 xxvm.
1218 2612 1290 2654 die
1325 2613 1552 2664 Januarii,
1587 2627 1705 2655 anno

809 2675 939 2727 regni
963 2677 1107 2718 nostri
1127 2677 1342 2719 vicesimo
1366 2679 1526 2732 primo.

738 2776 746 2792 ¹
772 2778 921 2811 Omitted
937 2781 969 2811 in
987 2781 1062 2812 MS.
1080 2782 1204 2814 Lansd.
