1866 3186
220 385 319 415 fleury
332 382 389 409 ΙΙΙ.

220 418 254 442 Α.
266 417 300 442 D.
316 416 391 441 1264.

213 1869 272 1894 The
283 1869 353 1900 king

212 1904 342 1934 captui-es

213 1935 382 1966 Northamp-

210 1970 270 1997 ton,

413 259 500 300 310
902 268 1176 300 canonicor:

418 371 649 412 dominum
676 368 1094 419 Vallis-Anandiae,
1117 370 1354 423 Rogerum
1374 369 1431 411 de
1455 367 1673 422 clyfford,

420 435 718 489 ‘Philippum
760 435 1023 488 Marmyon,
1067 433 1326 476 Johannem
1372 435 1428 476 de
1471 431 1674 482 Vaux,'¹

422 502 658 554 Rogerum
690 500 747 541 de
782 499 1044 552 Layburne,
1074 499 1330 540 Henricum
1352 500 1409 540 de
1444 499 1608 552 Percy,
1629 502 1677 538 et

421 566 703 619 Phillippum
748 565 930 614 Basset‚
966 564 1201 617 Rogerum
1240 564 1296 604 de
1339 564 1595 612 Mortimer,
1630 567 1678 604 et

420 631 706 673 Willelmum
729 629 786 671 de
811 629 1015 671 Valence
1048 629 1236 670 fratrem
1267 641 1418 678 suum,
1442 633 1490 669 et
1507 628 1677 670 multos

421 696 566 737 alios:
598 694 926 748 mandavitque
955 707 1039 735 rex
1069 694 1316 736 baronibus
1346 694 1425 747 qui
1448 693 1548 747 jam
1571 693 1678 734 ade-

420 765 527 802 rant
544 760 667 813 quod
687 761 845 801 urbem
874 764 921 801 et
951 759 1131 801 obsides
1166 759 1253 800 sibi
1274 759 1491 800 continuo
1518 757 1678 799 redde·

420 830 537 875 rent,
559 825 633 866 vel
653 825 809 866 statim
831 825 1025 866 irrueret
1044 825 1092 865 in
1116 829 1308 865 mortem
1323 837 1480 865 eorum
1498 836 1509 864 :
1541 827 1591 863 at
1610 822 1679 863 illi

421 889 712 931 consulentes
739 902 843 930 cum
873 889 1059 930 Simone
1082 889 1138 929 de
1159 888 1453 930 Monte-forti
1476 887 1677 942 juniore,

421 954 500 1007 qui
535 967 595 995 ex
626 958 858 1007 praecepto
893 954 1038 1006 patris
1067 958 1259 995 caeteros
1288 953 1456 994 ibidem
1486 953 1544 994 ad
1574 965 1680 994 con-

420 1018 662 1060 sulendum
710 1023 984 1067 attraxerat,
1021 1019 1222 1059 nondum
1264 1019 1382 1059 enim
1430 1018 1682 1058 advenerat

422 1088 556 1136 pater
585 1083 685 1138 ejus
720 1096 803 1124 nec
833 1095 984 1124 comes
1018 1082 1296 1132 Gloverniae,
1331 1083 1550 1124 audacter
1578 1083 1680 1135 qui-

422 1149 526 1189 dem
547 1153 594 1190 et
614 1148 889 1189 unanimiter
911 1148 1245 1201 responderunt
1270 1148 1393 1201 quod
1413 1147 1682 1188 mandatum

423 1214 545 1266 regis
564 1226 656 1255 non
669 1213 888 1263 facerent,
901 1214 1038 1254 immo
1061 1226 1110 1254 se
1132 1217 1178 1254 et
1196 1214 1353 1254 urbem
1366 1212 1676 1261 defenderent,

424 1279 463 1319 si
498 1283 620 1320 esset
650 1290 848 1328 necesse,
882 1291 1028 1331 usque
1058 1278 1116 1319 ad
1150 1283 1356 1319 mortem.
1425 1277 1562 1328 Quod
1598 1289 1680 1318 au-

424 1343 600 1384 dientes
642 1343 835 1396 regales,
880 1344 1102 1384 miserunt
1150 1343 1298 1383 denuo
1346 1342 1467 1395 quod
1516 1341 1679 1383 saltem

426 1409 631 1449 venirent
651 1408 710 1448 ad
731 1421 910 1447 murum
943 1407 1144 1448 civitatis
1180 1412 1231 1447 ut
1265 1419 1324 1447 ex
1356 1419 1486 1447 muro
1520 1406 1679 1458 loque-

425 1477 582 1512 rentur
602 1471 660 1512 ad
683 1484 836 1522 regem
858 1472 898 1512 si
918 1484 1008 1524 quo
1030 1472 1165 1512 modo
1196 1476 1351 1523 posset
1374 1472 1450 1512 via
1478 1471 1605 1524 pacis
1635 1476 1682 1511 et

424 1536 571 1577 forma
591 1536 812 1577 inveniri:
846 1540 894 1576 at
925 1536 992 1576 illi
1026 1536 1138 1576 nihil
1168 1536 1261 1576 doli
1291 1536 1577 1589 suspicantes
1600 1535 1680 1576 ad-

425 1601 699 1654 quieverunt
726 1601 806 1650 eis,
840 1605 887 1641 et
922 1600 1092 1641 relictis
1119 1600 1338 1641 custodiis
1370 1601 1480 1649 suis,
1503 1613 1682 1641 murum

424 1677 584 1706 versus
615 1670 798 1719 pratum
835 1665 1060 1715 adierunt,
1095 1665 1159 1706 ibi
1192 1666 1312 1706 enim
1346 1677 1428 1705 rex
1465 1670 1511 1706 et
1546 1666 1685 1706 robur

425 1731 656 1771 exercitus
701 1730 982 1779 imminebat,
1023 1730 1203 1771 interim
1250 1743 1374 1779 vero,
1415 1730 1523 1770 dum
1562 1730 1684 1771 inter

425 1808 581 1848 regem
617 1800 663 1836 et
700 1796 894 1836 barones
919 1795 1035 1836 varii
1069 1794 1347 1836 haberentur
1382 1798 1607 1836 tractatus
1637 1800 1684 1836 et

426 1860 610 1910 diversi,
631 1860 842 1901 dominus
880 1859 1121 1913 Philippus
1160 1860 1343 1909 Basset‚
1366 1860 1444 1912 qui
1478 1860 1536 1901 ad
1567 1860 1684 1901 hanc

426 1925 690 1966 seditionem
716 1924 866 1965 fuerat
886 1925 1236 1977 praeordinatus,
1252 1937 1355 1964 cum
1377 1928 1388 1945 ‘
1409 1923 1686 1976 ligonibus'2

427 1994 473 2030 et
498 1989 814 2029 instrumentis
850 1988 1005 2029 ferreis
1027 1994 1073 2029 et
1106 1989 1213 2029 viris
1241 1989 1527 2042 praeparatis,
1543 1988 1685 2042 juxta

426 2053 751 2094 monasterium
775 2053 924 2094 sancti
943 2052 1142 2094 Andreae
1165 2067 1343 2094 murum
1365 2053 1550 2094 suffodit
1573 2054 1684 2095 civi-

425 2118 553 2168 tatis,
594 2118 854 2170 corruitque
891 2131 1049 2159 murus
1096 2119 1152 2159 de
1190 2118 1328 2168 facili,
1369 2123 1415 2159 et
1454 2118 1578 2159 facta
1616 2124 1687 2160 est

425 2183 644 2236 planicies
665 2195 849 2235 magna,
872 2183 938 2224 ita
973 2184 1094 2237 quod
1125 2184 1172 2224 in
1203 2196 1294 2224 uno
1332 2183 1481 2224 fronte
1508 2183 1684 2236 ingredi

425 2253 614 2301 possent
628 2253 863 2301 equestres
886 2259 996 2299 XL.;
1019 2249 1271 2302 imputatus
1288 2254 1357 2289 est
1372 2249 1511 2289 etiam
1525 2253 1537 2270 ‘
1552 2249 1684 2290 dolus

426 2313 539 2366 ipsis
559 2312 828 2354 monachis’³
842 2313 1110 2366 alienigenis
1127 2313 1250 2367 quod
1266 2313 1599 2354 introeuntibus
1615 2314 1683 2354 in-

407 2378 614 2419 ·troitum
663 2378 1001 2431 praeparabant,
1036 2378 1235 2432 dumque
1276 2391 1304 2419 a
1338 2379 1683 2419 transeuntibus

426 2443 549 2484 istud
595 2447 856 2484 cerneretur
890 2448 935 2484 et
971 2443 1143 2484 vexilla
1184 2443 1406 2496 regalium
1441 2443 1499 2484 ad
1543 2443 1683 2484 intro-

471 2625 480 2643 ¹
514 2627 525 2644 ‘
542 2626 741 2666 Philippum
780 2627 956 2667 Marmyon
994 2627 1037 2658 de
1117 2625 1131 2646 ⁸
1153 2627 1163 2644 ‘
1175 2627 1247 2666 ipse
1278 2627 1376 2658 dolus
1407 2627 1460 2657 vel
1490 2627 1683 2665 monachis‚'

423 2672 541 2711 Vaus,’
558 2672 632 2704 MS.
649 2672 735 2704 Coll.
752 2672 846 2704 Arm.
1072 2672 1147 2704 MS.
1165 2672 1251 2704 Coll.
1268 2672 1383 2710 Arm.;
1406 2672 1482 2702 ‘ille
1502 2673 1600 2704 dolus
1615 2673 1683 2703 illis

469 2715 483 2735 ²
504 2718 514 2735 ⁴
524 2718 764 2758 ligationibus,’
777 2718 853 2750 MS.
863 2717 952 2750 Gott.
961 2718 1036 2750 Tib.
1071 2717 1265 2758 monachis‚'
1281 2718 1356 2748 MS.
1372 2717 1461 2749 Cott.
1474 2717 1547 2748 Tib.
