1866 3186
201 385 298 416 Hem-y
310 384 367 410 111.

195 418 231 442 A.
242 418 277 442 D.
288 419 361 443 1253.

193 2287 268 2319 Sept.
283 2288 325 2313 30.

399 260 486 302 288
891 273 1169 320 canonicor«

404 389 485 417 vos
509 382 645 429 prout
664 382 844 430 spectat
876 378 935 419 ad
966 377 1160 419 officium
1182 382 1382 420 vestrum
1405 377 1661 418 libertatem

404 441 758 484 ecclesiasticam
780 444 827 484 in
856 457 996 496 regno
1029 442 1212 495 Angliae
1244 444 1465 485 illibatam
1488 444 1544 484 ab
1567 455 1662 483 om-

403 508 535 548 nibus
580 509 823 558 observari,
868 522 970 550 cum
1008 509 1244 550 voluntate
1282 522 1335 550 ac
1376 508 1661 562 beneplacito

404 573 657 615 charissimi
690 574 771 615 filii
800 575 944 616 nostri
985 575 1176 616 Henrici
1206 574 1398 615 illustris
1420 575 1542 627 regis
1563 573 1661 615 An-

405 638 510 690 gliae
551 639 597 679 in
643 653 800 681 omnes
843 640 946 682 illos
988 641 1066 694 qui
1104 640 1329 681 malitiose
1372 652 1426 681 ac
1468 640 1663 680 scienter

406 704 622 746 ecclesias
668 705 790 747 illius
834 707 964 759 regni
1001 720 1084 748 suo
1119 706 1225 760 jure
1265 705 1547 759 privaverint
1589 704 1662 746 vel

405 770 717 823 spoliaverint,
754 777 799 813 et
834 772 1068 814 libertates
1101 771 1434 813 ecclesiasticas
1468 775 1515 812 et
1544 770 1662 811 anti-

407 848 522 888 quas
566 837 697 890 regni
734 838 1085 879 consuetudines
1137 851 1240 891 quae
1284 837 1574 878 continentur
1615 835 1663 876 in

405 906 535 943 carta
577 903 804 944 communi
846 903 1108 945 libertatum
1150 908 1196 944 et
1245 903 1301 943 de
1341 903 1514 943 foresta
1553 915 1662 943 con—

405 979 558 1008 cessas
579 980 607 1008 a
627 967 812 1009 domino
832 982 941 1022 rege
962 970 1091 1010 vobis
1113 973 1159 1010 et
1187 968 1287 1009 aliis
1309 968 1513 1022 ejusdem
1535 967 1664 1020 regni

407 1032 611 1085 praelatis
625 1033 914 1084 violaverint,
922 1038 935 1056 ‘
943 1035 987 1075 in
993 1032 1255 1088 fregerint‚'¹
1264 1033 1571 1082 diminuerint,
1581 1044 1663 1073 seu

408 1098 700 1148 mutaverint,
723 1104 769 1141 et
800 1100 878 1153 qui
909 1105 1071 1141 contra
1099 1100 1203 1141 illas
1227 1104 1405 1141 statuta
1440 1098 1663 1140 ediderint

410 1163 483 1204 vel
510 1164 633 1205 edita
660 1165 1021 1215 observaverint,
1045 1165 1398 1208 consuetudines
1420 1164 1662 1206 introdux-

409 1229 543 1279 erint,
567 1229 641 1271 vel
672 1232 958 1273 servaverint
987 1231 1289 1281 introductas,
1319 1243 1494 1272 necnon
1519 1229 1662 1283 scrip-

407 1299 544 1344 tores,
564 1300 611 1337 et
631 1303 916 1347 executores,
933 1301 946 1320 ‘
961 1302 1006 1339 et
1018 1295 1053 1319 ’2
1070 1297 1354 1338 consiliarios
1370 1300 1663 1344 statutorum,

405 1361 505 1414 ipso
523 1361 646 1403 facto
669 1362 1151 1404 excommunicationis
1172 1362 1419 1403 sententias
1440 1361 1664 1401 duxeritis

407 1427 716 1478 proferendas,
751 1434 888 1481 prout
919 1429 967 1469 in
996 1428 1140 1469 literis
1175 1440 1311 1480 super
1336 1426 1422 1468 hoc
1446 1426 1663 1467 confectis

406 1492 585 1544 plenius
619 1493 902 1535 continetur:
942 1507 1025 1535 nos
1060 1493 1224 1534 vestris
1255 1491 1664 1546 supplicationibus

405 1557 611 1599 inclinati
632 1559 751 1611 quod
775 1572 803 1599 a
822 1559 952 1600 vobis
985 1559 1158 1600 factum
1178 1563 1249 1599 est
1274 1563 1422 1599 ratum
1443 1557 1664 1598 habentes

407 1627 454 1663 et
485 1628 685 1675 gratum,
710 1624 824 1665 illud
857 1625 913 1665 de
945 1625 1134 1666 fratrum
1163 1624 1354 1665 consilio
1390 1623 1665 1664 auctoritate

407 1689 659 1742 apostolica
689 1689 1007 1731 confirmamus
1044 1695 1091 1731 et
1125 1691 1363 1744 praesentis
1395 1689 1551 1742 scripti
1583 1702 1664 1742 pa-

407 1755 598 1796 trocinio
617 1756 960 1805 communimus,
982 1761 1185 1798 tenorem
1201 1756 1402 1809 ipsarum
1432 1755 1665 1796 literarum

408 1822 711 1873 praesentibus
727 1822 865 1863 inseri
880 1822 1098 1864 facientes
1114 1835 1217 1875 quae
1235 1826 1305 1862 est
1319 1821 1425 1862 talis
1435 1819 1666 1863 2—“Auc-

409 1887 596 1928 toritate
607 1887 696 1929 Dei
718 1888 862 1942 patris
884 1887 1259 1941 omnipotentis‚”
1275 1894 1362 1928 etc.
1387 1887 1506 1928 sicut
1529 1899 1664 1939 supe-

408 1952 503 1993 rius
527 1958 598 1994 est
620 1966 765 2006 usque
787 1954 844 1994 ad
867 1953 1014 1994 finem.
1092 1952 1224 1993 Nulli
1247 1965 1356 2004 ergo
1384 1952 1520 1992 liceat
1548 1952 1665 1992 hanc

408 2018 621 2070 paginam
654 2023 823 2060 nostrae
855 2018 1214 2059 confirmationis
1243 2018 1488 2070 infringere
1521 2017 1595 2058 vel
1625 2018 1666 2058 ei

410 2095 525 2123 ausu
558 2085 797 2125 temerario
828 2084 1080 2131 contraire;
1113 2085 1153 2125 si
1186 2084 1287 2136 quis
1315 2088 1469 2125 autem
1489 2082 1575 2124 hoc
1597 2087 1667 2124 at-

410 2153 588 2190 tentare
623 2150 965 2204 praesumpserit
1002 2150 1364 2202 indignationem
1402 2149 1491 2190 Dei
1523 2148 1666 2189 omni-

410 2215 610 2267 potentis
632 2220 678 2257 et
697 2217 919 2257 bonorum
950 2215 1078 2257 Petri
1110 2221 1157 2257 et
1188 2215 1323 2256 Pauli
1357 2214 1666 2268 apostolorum

410 2279 510 2334 ejus
535 2294 584 2322 se
605 2283 783 2324 noverit
812 2283 1116 2323 incursurum.
1172 2281 1345 2322 Datum
1369 2280 1668 2332 Andegaviae,

410 2358 460 2388 11.
496 2346 718 2389 kalendas
754 2348 984 2398 Octobris,
1023 2346 1317 2401 pontificatus
1363 2346 1508 2387 nostri
1548 2358 1667 2386 anno

409 2425 479 2455 xi.

462 2568 468 2585 ¹
494 2569 503 2586 ‘
520 2567 752 2608 insringerint,'
796 2567 894 2599 MSS.
934 2567 1021 2599 Coll.

412 2615 506 2647 Arm.
523 2615 589 2646 and
606 2614 730 2645 Lausd.

457 2659 470 2678 ²
501 2661 652 2692 Inserted
700 2660 782 2691 from
822 2659 911 2691 Bibl.
948 2659 1024 2690 MS.

1058 2589 1098 2621 C.
1116 2589 1156 2621 C.
1179 2588 1221 2621 O.
1244 2588 1386 2620 cantab.
1414 2587 1497 2619 cod.
1526 2588 1590 2619 cix.
1614 2589 1667 2618 21.

1059 2637 1194 2675 Rymer,
1210 2635 1366 2673 Foedera,
1383 2635 1404 2665 i.
1420 2636 1495 2665 293.
