<?xml version="1.0" encoding="UTF-8"?>
<!DOCTYPE html PUBLIC "-//W3C//DTD XHTML 1.0 Transitional//EN"
    "http://www.w3.org/TR/xhtml1/DTD/xhtml1-transitional.dtd">
<html xmlns="http://www.w3.org/1999/xhtml" xml:lang="en" lang="en">
 <head>
  <title>
</title>
<meta http-equiv="Content-Type" content="text/html;charset=utf-8" />
  <meta name='ocr-system' content='tesseract 3.04.00' />
  <meta name='ocr-capabilities' content='ocr_page ocr_carea ocr_par ocr_line ocrx_word'/>
</head>
<body>
  <div class='ocr_page' id='page_1' title='image "./chronicondominiw01hemiuoft_0133.png"; bbox 0 0 1866 3186; ppageno 0'>
   <div class='ocr_carea' id='block_1_1' title="bbox 435 273 1420 314">
    <p class='ocr_par' dir='ltr' id='par_1_1' title="bbox 435 273 1420 314">
     <span class='ocr_line' id='line_1_1' title="bbox 435 273 1420 314; baseline 0.001 -1"><span class='ocrx_word' id='word_1_1' title='bbox 435 283 662 314; x_wconf 73' lang='lat' dir='ltr'><strong>WAurnm</strong></span> <span class='ocrx_word' id='word_1_2' title='bbox 693 283 756 314; x_wconf 76' lang='lat' dir='ltr'><strong>nn</strong></span> <span class='ocrx_word' id='word_1_3' title='bbox 788 283 1162 314; x_wconf 73' lang='lat' dir='ltr'><strong>nsumcnuncn.</strong></span> <span class='ocrx_word' id='word_1_4' title='bbox 1335 273 1420 314; x_wconf 92' lang='grc'><strong>111</strong></span> 
     </span>
    </p>
   </div>
   <div class='ocr_carea' id='block_1_2' title="bbox 509 442 1089 500">
    <p class='ocr_par' dir='ltr' id='par_1_2' title="bbox 509 442 1089 500">
     <span class='ocr_line' id='line_1_2' title="bbox 509 442 1089 500; baseline 0.005 -17"><span class='ocrx_word' id='word_1_5' title='bbox 509 442 576 484; x_wconf 84' lang='lat' dir='ltr'><strong>De</strong></span> <span class='ocrx_word' id='word_1_6' title='bbox 599 442 814 486; x_wconf 76' lang='lat' dir='ltr'><strong><em>Obsidione</em></strong></span> <span class='ocrx_word' id='word_1_7' title='bbox 831 444 1089 500; x_wconf 74' lang='lat' dir='ltr'><strong>Rotkomayi.</strong></span> 
     </span>
    </p>
   </div>
   <div class='ocr_carea' id='block_1_3' title="bbox 155 549 1431 2295">
    <p class='ocr_par' dir='ltr' id='par_1_3' title="bbox 155 549 1431 2295">
     <span class='ocr_line' id='line_1_3' title="bbox 224 549 1418 596; baseline 0.003 -6"><span class='ocrx_word' id='word_1_8' title='bbox 224 549 411 591; x_wconf 84' lang='lat' dir='ltr'><strong>Interea</strong></span> <span class='ocrx_word' id='word_1_9' title='bbox 446 563 529 591; x_wconf 85' lang='lat' dir='ltr'><strong>rex</strong></span> <span class='ocrx_word' id='word_1_10' title='bbox 563 549 846 592; x_wconf 87' lang='lat' dir='ltr'><strong>Francorum</strong></span> <span class='ocrx_word' id='word_1_11' title='bbox 879 565 983 593; x_wconf 90' lang='lat' dir='ltr'><strong>cum</strong></span> <span class='ocrx_word' id='word_1_12' title='bbox 1021 553 1254 596; x_wconf 87' lang='lat' dir='ltr'><strong>tremendo</strong></span> <span class='ocrx_word' id='word_1_13' title='bbox 1289 567 1418 595; x_wconf 80' lang='lat' dir='ltr'><strong>exer·</strong></span> 
     </span>
     <span class='ocr_line' id='line_1_4' title="bbox 155 614 1421 670; baseline 0.004 -14"><span class='ocrx_word' id='word_1_14' title='bbox 155 614 251 656; x_wconf 90' lang='lat' dir='ltr'><strong>citu</strong></span> <span class='ocrx_word' id='word_1_15' title='bbox 285 615 618 657; x_wconf 89' lang='lat' dir='ltr'><strong>Normanniam</strong></span> <span class='ocrx_word' id='word_1_16' title='bbox 649 616 708 657; x_wconf 92' lang='lat' dir='ltr'><strong>ab</strong></span> <span class='ocrx_word' id='word_1_17' title='bbox 742 617 942 658; x_wconf 87' lang='lat' dir='ltr'><strong>oriente¹</strong></span> <span class='ocrx_word' id='word_1_18' title='bbox 973 617 1207 670; x_wconf 84' lang='lat' dir='ltr'><strong>ingressus</strong></span> <span class='ocrx_word' id='word_1_19' title='bbox 1240 619 1421 661; x_wconf 90' lang='lat' dir='ltr'><strong>Rotho-</strong></span> 
     </span>
     <span class='ocr_line' id='line_1_5' title="bbox 155 680 1422 736; baseline 0.005 -16"><span class='ocrx_word' id='word_1_20' title='bbox 155 693 358 733; x_wconf 89' lang='lat' dir='ltr'><strong>magum,</strong></span> <span class='ocrx_word' id='word_1_21' title='bbox 382 680 587 735; x_wconf 89' lang='lat' dir='ltr'><strong>ejusdem</strong></span> <span class='ocrx_word' id='word_1_22' title='bbox 618 681 865 734; x_wconf 83' lang='lat' dir='ltr'><strong>provinciae</strong></span> <span class='ocrx_word' id='word_1_23' title='bbox 895 683 1200 736; x_wconf 88' lang='lat' dir='ltr'><strong>metropolim,</strong></span> <span class='ocrx_word' id='word_1_24' title='bbox 1232 684 1346 726; x_wconf 93' lang='lat' dir='ltr'><strong>adiit</strong></span> <span class='ocrx_word' id='word_1_25' title='bbox 1375 689 1422 726; x_wconf 89' lang='lat' dir='ltr'><strong>et</strong></span> 
     </span>
     <span class='ocr_line' id='line_1_6' title="bbox 155 746 1422 800; baseline 0.002 -14"><span class='ocrx_word' id='word_1_26' title='bbox 155 746 357 797; x_wconf 88' lang='lat' dir='ltr'><strong>obsedit;</strong></span> <span class='ocrx_word' id='word_1_27' title='bbox 393 759 528 799; x_wconf 86' lang='lat' dir='ltr'><strong>porro</strong></span> <span class='ocrx_word' id='word_1_28' title='bbox 563 759 646 787; x_wconf 82' lang='lat' dir='ltr'><strong>rex</strong></span> <span class='ocrx_word' id='word_1_29' title='bbox 675 746 832 800; x_wconf 89' lang='lat' dir='ltr'><strong>junior</strong></span> <span class='ocrx_word' id='word_1_30' title='bbox 860 751 908 788; x_wconf 91' lang='lat' dir='ltr'><strong>et</strong></span> <span class='ocrx_word' id='word_1_31' title='bbox 938 760 1090 789; x_wconf 89' lang='lat' dir='ltr'><strong>comes</strong></span> <span class='ocrx_word' id='word_1_32' title='bbox 1125 748 1422 790; x_wconf 91' lang='lat' dir='ltr'><strong>Flandrensis</strong></span> 
     </span>
     <span class='ocr_line' id='line_1_7' title="bbox 157 810 1423 865; baseline 0.002 -14"><span class='ocrx_word' id='word_1_33' title='bbox 157 823 260 851; x_wconf 92' lang='lat' dir='ltr'><strong>cum</strong></span> <span class='ocrx_word' id='word_1_34' title='bbox 306 811 354 851; x_wconf 93' lang='lat' dir='ltr'><strong>in</strong></span> <span class='ocrx_word' id='word_1_35' title='bbox 396 810 631 864; x_wconf 88' lang='lat' dir='ltr'><strong>Angliam,</strong></span> <span class='ocrx_word' id='word_1_36' title='bbox 679 811 827 853; x_wconf 88' lang='lat' dir='ltr'><strong>classe</strong></span> <span class='ocrx_word' id='word_1_37' title='bbox 868 817 1048 865; x_wconf 88' lang='lat' dir='ltr'><strong>parata,</strong></span> <span class='ocrx_word' id='word_1_38' title='bbox 1094 813 1423 855; x_wconf 82' lang='lat' dir='ltr'><strong>transfretandi</strong></span> 
     </span>
     <span class='ocr_line' id='line_1_8' title="bbox 157 877 1424 931; baseline 0.002 -15"><span class='ocrx_word' id='word_1_39' title='bbox 157 877 547 928; x_wconf 89' lang='lat' dir='ltr'><strong>opportunitatem</strong></span> <span class='ocrx_word' id='word_1_40' title='bbox 578 880 834 930; x_wconf 89' lang='lat' dir='ltr'><strong>captarent,</strong></span> <span class='ocrx_word' id='word_1_41' title='bbox 858 877 1045 930; x_wconf 85' lang='lat' dir='ltr'><strong>cognito</strong></span> <span class='ocrx_word' id='word_1_42' title='bbox 1081 878 1204 931; x_wconf 91' lang='lat' dir='ltr'><strong>quod</strong></span> <span class='ocrx_word' id='word_1_43' title='bbox 1233 891 1317 919; x_wconf 87' lang='lat' dir='ltr'><strong>rex</strong></span> <span class='ocrx_word' id='word_1_44' title='bbox 1352 891 1424 920; x_wconf 92' lang='lat' dir='ltr'><strong>se-</strong></span> 
     </span>
     <span class='ocr_line' id='line_1_9' title="bbox 156 940 1422 997; baseline 0.003 -17"><span class='ocrx_word' id='word_1_45' title='bbox 156 941 258 981; x_wconf 90' lang='lat' dir='ltr'><strong>nior</strong></span> <span class='ocrx_word' id='word_1_46' title='bbox 280 940 378 994; x_wconf 91' lang='lat' dir='ltr'><strong>jam</strong></span> <span class='ocrx_word' id='word_1_47' title='bbox 410 942 459 982; x_wconf 88' lang='lat' dir='ltr'><strong>in</strong></span> <span class='ocrx_word' id='word_1_48' title='bbox 489 940 662 994; x_wconf 88' lang='lat' dir='ltr'><strong>Anglia</strong></span> <span class='ocrx_word' id='word_1_49' title='bbox 697 942 968 984; x_wconf 89' lang='lat' dir='ltr'><strong>consisteret</strong></span> <span class='ocrx_word' id='word_1_50' title='bbox 1007 955 1163 983; x_wconf 92' lang='lat' dir='ltr'><strong>eorum</strong></span> <span class='ocrx_word' id='word_1_51' title='bbox 1202 944 1422 997; x_wconf 90' lang='lat' dir='ltr'><strong>impetum</strong></span> 
     </span>
     <span class='ocr_line' id='line_1_10' title="bbox 157 1007 1423 1059; baseline 0.003 -13"><span class='ocrx_word' id='word_1_52' title='bbox 157 1011 452 1059; x_wconf 82' lang='lat' dir='ltr'><strong>excepturus,</strong></span> <span class='ocrx_word' id='word_1_53' title='bbox 483 1011 663 1049; x_wconf 92' lang='lat' dir='ltr'><strong>mutato</strong></span> <span class='ocrx_word' id='word_1_54' title='bbox 702 1007 908 1058; x_wconf 88' lang='lat' dir='ltr'><strong>consilio,</strong></span> <span class='ocrx_word' id='word_1_55' title='bbox 944 1007 1049 1049; x_wconf 90' lang='lat' dir='ltr'><strong>illas</strong></span> <span class='ocrx_word' id='word_1_56' title='bbox 1084 1009 1310 1050; x_wconf 90' lang='lat' dir='ltr'><strong>terribiles</strong></span> <span class='ocrx_word' id='word_1_57' title='bbox 1344 1021 1423 1050; x_wconf 90' lang='lat' dir='ltr'><strong>co-</strong></span> 
     </span>
     <span class='ocr_line' id='line_1_11' title="bbox 158 1071 1423 1125; baseline 0.002 -13"><span class='ocrx_word' id='word_1_58' title='bbox 158 1071 260 1124; x_wconf 89' lang='lat' dir='ltr'><strong>pias</strong></span> <span class='ocrx_word' id='word_1_59' title='bbox 299 1071 643 1125; x_wconf 86' lang='lat' dir='ltr'><strong>Rothomagum</strong></span> <span class='ocrx_word' id='word_1_60' title='bbox 683 1073 1033 1115; x_wconf 85' lang='lat' dir='ltr'><strong>transtulerunt.</strong></span> <span class='ocrx_word' id='word_1_61' title='bbox 1102 1073 1279 1115; x_wconf 93' lang='lat' dir='ltr'><strong>Verum</strong></span> <span class='ocrx_word' id='word_1_62' title='bbox 1319 1086 1423 1115; x_wconf 91' lang='lat' dir='ltr'><strong>cum</strong></span> 
     </span>
     <span class='ocr_line' id='line_1_12' title="bbox 158 1137 1423 1192; baseline 0.003 -16"><span class='ocrx_word' id='word_1_63' title='bbox 158 1140 316 1177; x_wconf 87' lang='lat' dir='ltr'><strong>tantus</strong></span> <span class='ocrx_word' id='word_1_64' title='bbox 359 1141 481 1178; x_wconf 86' lang='lat' dir='ltr'><strong>esset</strong></span> <span class='ocrx_word' id='word_1_65' title='bbox 525 1137 754 1178; x_wconf 83' lang='lat' dir='ltr'><strong>exercitus</strong></span> <span class='ocrx_word' id='word_1_66' title='bbox 803 1142 1003 1190; x_wconf 89' lang='lat' dir='ltr'><strong>quantus</strong></span> <span class='ocrx_word' id='word_1_67' title='bbox 1045 1138 1091 1178; x_wconf 91' lang='lat' dir='ltr'><strong>in</strong></span> <span class='ocrx_word' id='word_1_68' title='bbox 1133 1138 1322 1192; x_wconf 90' lang='lat' dir='ltr'><strong>Europa</strong></span> <span class='ocrx_word' id='word_1_69' title='bbox 1365 1140 1423 1180; x_wconf 91' lang='lat' dir='ltr'><strong>ab</strong></span> 
     </span>
     <span class='ocr_line' id='line_1_13' title="bbox 158 1201 1423 1258; baseline 0.002 -16"><span class='ocrx_word' id='word_1_70' title='bbox 158 1201 292 1242; x_wconf 86' lang='lat' dir='ltr'><strong>annis</strong></span> <span class='ocrx_word' id='word_1_71' title='bbox 344 1205 468 1242; x_wconf 89' lang='lat' dir='ltr'><strong>retro</strong></span> <span class='ocrx_word' id='word_1_72' title='bbox 516 1201 724 1255; x_wconf 88' lang='lat' dir='ltr'><strong>plurimis</strong></span> <span class='ocrx_word' id='word_1_73' title='bbox 764 1203 890 1244; x_wconf 85' lang='lat' dir='ltr'><strong>visus</strong></span> <span class='ocrx_word' id='word_1_74' title='bbox 942 1216 1034 1248; x_wconf 90' lang='lat' dir='ltr'><strong>non</strong></span> <span class='ocrx_word' id='word_1_75' title='bbox 1085 1207 1171 1253; x_wconf 89' lang='lat' dir='ltr'><strong>est,</strong></span> <span class='ocrx_word' id='word_1_76' title='bbox 1219 1204 1423 1258; x_wconf 90' lang='lat' dir='ltr'><strong>ejusdem</strong></span> 
     </span>
     <span class='ocr_line' id='line_1_14' title="bbox 159 1266 1423 1322; baseline 0.002 -15"><span class='ocrx_word' id='word_1_77' title='bbox 159 1272 312 1307; x_wconf 91' lang='lat' dir='ltr'><strong>tamen</strong></span> <span class='ocrx_word' id='word_1_78' title='bbox 351 1266 494 1316; x_wconf 83' lang='lat' dir='ltr'><strong>urbis,</strong></span> <span class='ocrx_word' id='word_1_79' title='bbox 532 1271 721 1320; x_wconf 90' lang='lat' dir='ltr'><strong>propter</strong></span> <span class='ocrx_word' id='word_1_80' title='bbox 754 1279 967 1309; x_wconf 88' lang='lat' dir='ltr'><strong>accessus</strong></span> <span class='ocrx_word' id='word_1_81' title='bbox 1001 1267 1207 1309; x_wconf 89' lang='lat' dir='ltr'><strong>difficiles</strong></span> <span class='ocrx_word' id='word_1_82' title='bbox 1245 1274 1423 1322; x_wconf 90' lang='lat' dir='ltr'><strong>partem</strong></span> 
     </span>
     <span class='ocr_line' id='line_1_15' title="bbox 157 1331 1424 1387; baseline 0.003 -16"><span class='ocrx_word' id='word_1_83' title='bbox 157 1331 236 1372; x_wconf 87' lang='lat' dir='ltr'><strong>vix</strong></span> <span class='ocrx_word' id='word_1_84' title='bbox 261 1331 444 1372; x_wconf 87' lang='lat' dir='ltr'><strong>tertiam</strong></span> <span class='ocrx_word' id='word_1_85' title='bbox 468 1331 620 1384; x_wconf 85' lang='lat' dir='ltr'><strong>potuit</strong></span> <span class='ocrx_word' id='word_1_86' title='bbox 650 1331 872 1382; x_wconf 88' lang='lat' dir='ltr'><strong>obsidere,</strong></span> <span class='ocrx_word' id='word_1_87' title='bbox 898 1337 1088 1385; x_wconf 90' lang='lat' dir='ltr'><strong>eratque</strong></span> <span class='ocrx_word' id='word_1_88' title='bbox 1111 1346 1193 1386; x_wconf 90' lang='lat' dir='ltr'><strong>per</strong></span> <span class='ocrx_word' id='word_1_89' title='bbox 1212 1333 1424 1387; x_wconf 79' lang='lat' dir='ltr'><strong>pontem²</strong></span> 
     </span>
     <span class='ocr_line' id='line_1_16' title="bbox 158 1395 1423 1450; baseline 0.003 -14"><span class='ocrx_word' id='word_1_90' title='bbox 158 1409 183 1437; x_wconf 91' lang='lat' dir='ltr'><strong>e</strong></span> <span class='ocrx_word' id='word_1_91' title='bbox 203 1397 390 1449; x_wconf 84' lang='lat' dir='ltr'><strong>regione</strong></span> <span class='ocrx_word' id='word_1_92' title='bbox 408 1400 422 1418; x_wconf 91' lang='lat'>‘</span> <span class='ocrx_word' id='word_1_93' title='bbox 437 1395 570 1437; x_wconf 82' lang='lat' dir='ltr'><strong>liber&#39;</strong></span> <span class='ocrx_word' id='word_1_94' title='bbox 585 1395 601 1418; x_wconf 85' lang='lat'>³</span> <span class='ocrx_word' id='word_1_95' title='bbox 619 1396 855 1449; x_wconf 86' lang='lat' dir='ltr'><strong>ingressus</strong></span> <span class='ocrx_word' id='word_1_96' title='bbox 876 1397 924 1438; x_wconf 93' lang='lat' dir='ltr'><strong>in</strong></span> <span class='ocrx_word' id='word_1_97' title='bbox 947 1399 1104 1439; x_wconf 87' lang='lat' dir='ltr'><strong>urbem</strong></span> <span class='ocrx_word' id='word_1_98' title='bbox 1126 1403 1172 1439; x_wconf 87' lang='lat' dir='ltr'><strong>et</strong></span> <span class='ocrx_word' id='word_1_99' title='bbox 1196 1411 1423 1450; x_wconf 88' lang='lat' dir='ltr'><strong>egressus,</strong></span> 
     </span>
     <span class='ocr_line' id='line_1_17' title="bbox 158 1461 1422 1505; baseline 0.002 -2"><span class='ocrx_word' id='word_1_100' title='bbox 158 1461 419 1503; x_wconf 81' lang='lat' dir='ltr'><strong>videntibus</strong></span> <span class='ocrx_word' id='word_1_101' title='bbox 443 1461 637 1503; x_wconf 88' lang='lat' dir='ltr'><strong>inimicis</strong></span> <span class='ocrx_word' id='word_1_102' title='bbox 663 1466 709 1503; x_wconf 93' lang='lat' dir='ltr'><strong>et</strong></span> <span class='ocrx_word' id='word_1_103' title='bbox 732 1461 1054 1505; x_wconf 84' lang='lat' dir='ltr'><strong>invidentibus.</strong></span> <span class='ocrx_word' id='word_1_104' title='bbox 1126 1462 1312 1505; x_wconf 87' lang='lat' dir='ltr'><strong>Paratis</strong></span> <span class='ocrx_word' id='word_1_105' title='bbox 1334 1464 1422 1505; x_wconf 89' lang='lat' dir='ltr'><strong>ita-</strong></span> 
     </span>
     <span class='ocr_line' id='line_1_18' title="bbox 159 1527 1422 1580; baseline 0.002 -13"><span class='ocrx_word' id='word_1_106' title='bbox 159 1540 249 1580; x_wconf 92' lang='lat' dir='ltr'><strong>que</strong></span> <span class='ocrx_word' id='word_1_107' title='bbox 275 1527 333 1567; x_wconf 88' lang='lat' dir='ltr'><strong>ad</strong></span> <span class='ocrx_word' id='word_1_108' title='bbox 369 1527 725 1580; x_wconf 85' lang='lat' dir='ltr'><strong>oppugnandam</strong></span> <span class='ocrx_word' id='word_1_109' title='bbox 762 1527 996 1569; x_wconf 88' lang='lat' dir='ltr'><strong>civitatem</strong></span> <span class='ocrx_word' id='word_1_110' title='bbox 1033 1528 1273 1578; x_wconf 91' lang='lat' dir='ltr'><strong>machinis,</strong></span> <span class='ocrx_word' id='word_1_111' title='bbox 1310 1529 1422 1570; x_wconf 89' lang='lat' dir='ltr'><strong>totis</strong></span> 
     </span>
     <span class='ocr_line' id='line_1_19' title="bbox 161 1592 1422 1645; baseline 0.002 -13"><span class='ocrx_word' id='word_1_112' title='bbox 161 1592 333 1633; x_wconf 88' lang='lat' dir='ltr'><strong>viribus</strong></span> <span class='ocrx_word' id='word_1_113' title='bbox 369 1592 702 1645; x_wconf 83' lang='lat' dir='ltr'><strong>oppugnationi</strong></span> <span class='ocrx_word' id='word_1_114' title='bbox 734 1592 990 1644; x_wconf 78' lang='lat' dir='ltr'><strong>insistitur3</strong></span> <span class='ocrx_word' id='word_1_115' title='bbox 1033 1594 1081 1634; x_wconf 93' lang='grc'><strong>111</strong></span> <span class='ocrx_word' id='word_1_116' title='bbox 1113 1593 1186 1634; x_wconf 91' lang='lat' dir='ltr'><strong>die</strong></span> <span class='ocrx_word' id='word_1_117' title='bbox 1221 1594 1422 1635; x_wconf 89' lang='lat' dir='ltr'><strong>naturali</strong></span> 
     </span>
     <span class='ocr_line' id='line_1_20' title="bbox 159 1657 1423 1711; baseline 0.001 -13"><span class='ocrx_word' id='word_1_118' title='bbox 159 1670 243 1710; x_wconf 91' lang='lat' dir='ltr'><strong>per</strong></span> <span class='ocrx_word' id='word_1_119' title='bbox 286 1662 476 1698; x_wconf 88' lang='lat' dir='ltr'><strong>octavas</strong></span> <span class='ocrx_word' id='word_1_120' title='bbox 518 1657 655 1697; x_wconf 86' lang='lat' dir='ltr'><strong>horas</strong></span> <span class='ocrx_word' id='word_1_121' title='bbox 701 1658 871 1709; x_wconf 86' lang='lat' dir='ltr'><strong>partite</strong></span> <span class='ocrx_word' id='word_1_122' title='bbox 909 1657 1130 1711; x_wconf 87' lang='lat' dir='ltr'><strong>tripharie</strong></span> <span class='ocrx_word' id='word_1_123' title='bbox 1169 1659 1423 1699; x_wconf 88' lang='lat' dir='ltr'><strong>exercitum</strong></span> 
     </span>
     <span class='ocr_line' id='line_1_21' title="bbox 161 1721 1425 1772; baseline -0.001 -9"><span class='ocrx_word' id='word_1_124' title='bbox 161 1722 430 1771; x_wconf 88' lang='lat' dir='ltr'><strong>diviserunt,</strong></span> <span class='ocrx_word' id='word_1_125' title='bbox 458 1726 510 1762; x_wconf 90' lang='lat' dir='ltr'><strong>ut</strong></span> <span class='ocrx_word' id='word_1_126' title='bbox 540 1721 619 1762; x_wconf 91' lang='lat' dir='ltr'><strong>alii</strong></span> <span class='ocrx_word' id='word_1_127' title='bbox 650 1721 768 1770; x_wconf 88' lang='lat' dir='ltr'><strong>aliis,</strong></span> <span class='ocrx_word' id='word_1_128' title='bbox 799 1723 993 1763; x_wconf 91' lang='lat' dir='ltr'><strong>recreati</strong></span> <span class='ocrx_word' id='word_1_129' title='bbox 1021 1722 1196 1763; x_wconf 89' lang='lat' dir='ltr'><strong>scilicet</strong></span> <span class='ocrx_word' id='word_1_130' title='bbox 1223 1722 1425 1772; x_wconf 87' lang='lat' dir='ltr'><strong>lassatis,</strong></span> 
     </span>
     <span class='ocr_line' id='line_1_22' title="bbox 159 1786 1425 1840; baseline 0 -12"><span class='ocrx_word' id='word_1_131' title='bbox 159 1800 242 1840; x_wconf 90' lang='lat' dir='ltr'><strong>per</strong></span> <span class='ocrx_word' id='word_1_132' title='bbox 280 1786 403 1828; x_wconf 91' lang='lat' dir='ltr'><strong>vices</strong></span> <span class='ocrx_word' id='word_1_133' title='bbox 445 1786 754 1836; x_wconf 89' lang='lat' dir='ltr'><strong>succederent,</strong></span> <span class='ocrx_word' id='word_1_134' title='bbox 798 1790 844 1827; x_wconf 89' lang='lat' dir='ltr'><strong>et</strong></span> <span class='ocrx_word' id='word_1_135' title='bbox 886 1786 1147 1828; x_wconf 82' lang='lat' dir='ltr'><strong>defensores</strong></span> <span class='ocrx_word' id='word_1_136' title='bbox 1190 1800 1425 1828; x_wconf 91' lang='lat' dir='ltr'><strong>murorum</strong></span> 
     </span>
     <span class='ocr_line' id='line_1_23' title="bbox 161 1851 1426 1904; baseline 0 -12"><span class='ocrx_word' id='word_1_137' title='bbox 161 1865 244 1893; x_wconf 91' lang='lat' dir='ltr'><strong>nec</strong></span> <span class='ocrx_word' id='word_1_138' title='bbox 280 1852 327 1892; x_wconf 91' lang='lat' dir='ltr'><strong>in</strong></span> <span class='ocrx_word' id='word_1_139' title='bbox 358 1851 537 1892; x_wconf 89' lang='lat' dir='ltr'><strong>modico</strong></span> <span class='ocrx_word' id='word_1_140' title='bbox 567 1851 794 1904; x_wconf 88' lang='lat' dir='ltr'><strong>respirare</strong></span> <span class='ocrx_word' id='word_1_141' title='bbox 825 1852 1156 1904; x_wconf 89' lang='lat' dir='ltr'><strong>permitterent.</strong></span> <span class='ocrx_word' id='word_1_142' title='bbox 1218 1851 1310 1893; x_wconf 87' lang='lat' dir='ltr'><strong>Sed</strong></span> <span class='ocrx_word' id='word_1_143' title='bbox 1342 1852 1426 1893; x_wconf 90' lang='lat' dir='ltr'><strong>hoc</strong></span> 
     </span>
     <span class='ocr_line' id='line_1_24' title="bbox 160 1915 1427 1966; baseline 0 -9"><span class='ocrx_word' id='word_1_144' title='bbox 160 1917 358 1966; x_wconf 80' lang='lat' dir='ltr'><strong>frustra3</strong></span> <span class='ocrx_word' id='word_1_145' title='bbox 382 1917 506 1958; x_wconf 90' lang='lat' dir='ltr'><strong>cives</strong></span> <span class='ocrx_word' id='word_1_146' title='bbox 527 1916 646 1957; x_wconf 91' lang='lat' dir='ltr'><strong>enim</strong></span> <span class='ocrx_word' id='word_1_147' title='bbox 667 1915 851 1957; x_wconf 91' lang='lat' dir='ltr'><strong>cautela</strong></span> <span class='ocrx_word' id='word_1_148' title='bbox 871 1916 1097 1957; x_wconf 88' lang='lat' dir='ltr'><strong>consimili</strong></span> <span class='ocrx_word' id='word_1_149' title='bbox 1119 1921 1427 1966; x_wconf 88' lang='lat' dir='ltr'><strong>occurrentes,</strong></span> 
     </span>
     <span class='ocr_line' id='line_1_25' title="bbox 159 1981 1424 2035; baseline -0.001 -12"><span class='ocrx_word' id='word_1_150' title='bbox 159 1995 293 2023; x_wconf 91' lang='lat' dir='ltr'><strong>suum</strong></span> <span class='ocrx_word' id='word_1_151' title='bbox 326 1981 546 2035; x_wconf 90' lang='lat' dir='ltr'><strong>tripharie</strong></span> <span class='ocrx_word' id='word_1_152' title='bbox 578 1994 818 2022; x_wconf 76' lang='lat' dir='ltr'><strong>numerum</strong></span> <span class='ocrx_word' id='word_1_153' title='bbox 844 1981 1116 2031; x_wconf 90' lang='lat' dir='ltr'><strong>diviserunt,</strong></span> <span class='ocrx_word' id='word_1_154' title='bbox 1145 1987 1192 2023; x_wconf 90' lang='lat' dir='ltr'><strong>et</strong></span> <span class='ocrx_word' id='word_1_155' title='bbox 1228 1981 1424 2023; x_wconf 91' lang='lat' dir='ltr'><strong>hostium</strong></span> 
     </span>
     <span class='ocr_line' id='line_1_26' title="bbox 159 2046 1428 2100; baseline 0 -12"><span class='ocrx_word' id='word_1_156' title='bbox 159 2047 359 2100; x_wconf 90' lang='lat' dir='ltr'><strong>impetus</strong></span> <span class='ocrx_word' id='word_1_157' title='bbox 390 2046 694 2099; x_wconf 86' lang='lat' dir='ltr'><strong>suscipientes</strong></span> <span class='ocrx_word' id='word_1_158' title='bbox 722 2047 977 2099; x_wconf 87' lang='lat' dir='ltr'><strong>peroptime</strong></span> <span class='ocrx_word' id='word_1_159' title='bbox 1001 2052 1047 2087; x_wconf 92' lang='lat' dir='ltr'><strong>et</strong></span> <span class='ocrx_word' id='word_1_160' title='bbox 1078 2059 1161 2099; x_wconf 91' lang='lat' dir='ltr'><strong>per</strong></span> <span class='ocrx_word' id='word_1_161' title='bbox 1180 2047 1304 2088; x_wconf 87' lang='lat' dir='ltr'><strong>vices</strong></span> <span class='ocrx_word' id='word_1_162' title='bbox 1328 2060 1428 2088; x_wconf 89' lang='lat' dir='ltr'><strong>eas-</strong></span> 
     </span>
     <span class='ocr_line' id='line_1_27' title="bbox 161 2111 1429 2165; baseline 0 -13"><span class='ocrx_word' id='word_1_163' title='bbox 161 2112 264 2152; x_wconf 89' lang='lat' dir='ltr'><strong>dem</strong></span> <span class='ocrx_word' id='word_1_164' title='bbox 296 2111 727 2164; x_wconf 90' lang='lat' dir='ltr'><strong>corresponderunt.</strong></span> <span class='ocrx_word' id='word_1_165' title='bbox 798 2111 1006 2163; x_wconf 89' lang='lat' dir='ltr'><strong>Cumque</strong></span> <span class='ocrx_word' id='word_1_166' title='bbox 1036 2124 1117 2164; x_wconf 91' lang='lat' dir='ltr'><strong>per</strong></span> <span class='ocrx_word' id='word_1_167' title='bbox 1137 2111 1236 2153; x_wconf 89' lang='lat' dir='ltr'><strong>dies</strong></span> <span class='ocrx_word' id='word_1_168' title='bbox 1259 2111 1429 2165; x_wconf 87' lang='lat' dir='ltr'><strong>‘pluri-</strong></span> 
     </span>
     <span class='ocr_line' id='line_1_28' title="bbox 161 2171 1430 2229; baseline -0.001 -12"><span class='ocrx_word' id='word_1_169' title='bbox 161 2171 309 2218; x_wconf 78' lang='lat' dir='ltr'><strong>mos&#39;⁴</strong></span> <span class='ocrx_word' id='word_1_170' title='bbox 330 2176 396 2217; x_wconf 87' lang='lat' dir='ltr'><strong>sic</strong></span> <span class='ocrx_word' id='word_1_171' title='bbox 435 2180 705 2224; x_wconf 86' lang='lat' dir='ltr'><strong>certaretur,</strong></span> <span class='ocrx_word' id='word_1_172' title='bbox 742 2180 788 2216; x_wconf 87' lang='lat' dir='ltr'><strong>et</strong></span> <span class='ocrx_word' id='word_1_173' title='bbox 824 2188 973 2228; x_wconf 91' lang='lat' dir='ltr'><strong>neque</strong></span> <span class='ocrx_word' id='word_1_174' title='bbox 1006 2175 1052 2216; x_wconf 91' lang='lat' dir='ltr'><strong>hi</strong></span> <span class='ocrx_word' id='word_1_175' title='bbox 1088 2189 1237 2229; x_wconf 92' lang='lat' dir='ltr'><strong>neque</strong></span> <span class='ocrx_word' id='word_1_176' title='bbox 1272 2177 1351 2218; x_wconf 91' lang='lat' dir='ltr'><strong>alii</strong></span> <span class='ocrx_word' id='word_1_177' title='bbox 1383 2177 1430 2217; x_wconf 92' lang='lat' dir='ltr'><strong>in</strong></span> 
     </span>
     <span class='ocr_line' id='line_1_29' title="bbox 163 2239 1431 2295; baseline 0 -13"><span class='ocrx_word' id='word_1_178' title='bbox 163 2242 319 2295; x_wconf 90' lang='lat' dir='ltr'><strong>aliquo</strong></span> <span class='ocrx_word' id='word_1_179' title='bbox 363 2240 598 2282; x_wconf 90' lang='lat' dir='ltr'><strong>remissius</strong></span> <span class='ocrx_word' id='word_1_180' title='bbox 644 2244 848 2292; x_wconf 86' lang='lat' dir='ltr'><strong>agerent,</strong></span> <span class='ocrx_word' id='word_1_181' title='bbox 889 2240 1014 2280; x_wconf 89' lang='lat' dir='ltr'><strong>beati</strong></span> <span class='ocrx_word' id='word_1_182' title='bbox 1058 2239 1294 2282; x_wconf 86' lang='lat' dir='ltr'><strong>Laurentii</strong></span> <span class='ocrx_word' id='word_1_183' title='bbox 1334 2242 1431 2282; x_wconf 91' lang='lat' dir='ltr'><strong>dies</strong></span> 
     </span>
    </p>
   </div>
   <div class='ocr_carea' id='block_1_4' title="bbox 158 2374 1431 2780">
    <p class='ocr_par' dir='ltr' id='par_1_4' title="bbox 158 2374 1431 2780">
     <span class='ocr_line' id='line_1_30' title="bbox 206 2374 1431 2416; baseline -0.001 -8"><span class='ocrx_word' id='word_1_184' title='bbox 206 2376 214 2395; x_wconf 87' lang='lat'>¹</span> <span class='ocrx_word' id='word_1_185' title='bbox 240 2377 356 2416; x_wconf 85' lang='lat' dir='ltr'><strong>Philip</strong></span> <span class='ocrx_word' id='word_1_186' title='bbox 372 2377 508 2408; x_wconf 81' lang='lat' dir='ltr'><strong>entered</strong></span> <span class='ocrx_word' id='word_1_187' title='bbox 525 2375 721 2414; x_wconf 78' lang='lat' dir='ltr'><strong>Normandy</strong></span> <span class='ocrx_word' id='word_1_188' title='bbox 733 2375 778 2415; x_wconf 95' lang='lat' dir='ltr'><strong>by</strong></span> <span class='ocrx_word' id='word_1_189' title='bbox 813 2374 851 2406; x_wconf 88' lang='lat' dir='ltr'><strong>of</strong></span> <span class='ocrx_word' id='word_1_190' title='bbox 863 2374 919 2406; x_wconf 83' lang='lat' dir='ltr'><strong>the</strong></span> <span class='ocrx_word' id='word_1_191' title='bbox 936 2378 1076 2414; x_wconf 81' lang='lat' dir='ltr'><strong>country</strong></span> <span class='ocrx_word' id='word_1_192' title='bbox 1091 2378 1126 2406; x_wconf 85' lang='lat' dir='ltr'><strong>to</strong></span> <span class='ocrx_word' id='word_1_193' title='bbox 1142 2375 1198 2406; x_wconf 88' lang='lat' dir='ltr'><strong>the</strong></span> <span class='ocrx_word' id='word_1_194' title='bbox 1211 2375 1311 2406; x_wconf 88' lang='lat' dir='ltr'><strong>south</strong></span> <span class='ocrx_word' id='word_1_195' title='bbox 1326 2376 1365 2407; x_wconf 86' lang='lat' dir='ltr'><strong>of</strong></span> <span class='ocrx_word' id='word_1_196' title='bbox 1375 2376 1431 2407; x_wconf 83' lang='lat' dir='ltr'><strong>the</strong></span> 
     </span>
     <span class='ocr_line' id='line_1_31' title="bbox 158 2420 1431 2459; baseline -0.002 -5"><span class='ocrx_word' id='word_1_197' title='bbox 158 2423 214 2454; x_wconf 88' lang='lat' dir='ltr'><strong>the</strong></span> <span class='ocrx_word' id='word_1_198' title='bbox 255 2431 346 2453; x_wconf 83' lang='lat' dir='ltr'><strong>same</strong></span> <span class='ocrx_word' id='word_1_199' title='bbox 391 2421 634 2453; x_wconf 83' lang='lat' dir='ltr'><strong>north-eastern</strong></span> <span class='ocrx_word' id='word_1_200' title='bbox 682 2424 777 2452; x_wconf 74' lang='lat' dir='ltr'><strong>route</strong></span> <span class='ocrx_word' id='word_1_201' title='bbox 812 2421 923 2459; x_wconf 87' lang='lat' dir='ltr'><strong>Seine,</strong></span> <span class='ocrx_word' id='word_1_202' title='bbox 947 2420 1015 2450; x_wconf 83' lang='lat' dir='ltr'><strong>and</strong></span> <span class='ocrx_word' id='word_1_203' title='bbox 1037 2430 1137 2459; x_wconf 85' lang='lat' dir='ltr'><strong>every</strong></span> <span class='ocrx_word' id='word_1_204' title='bbox 1160 2420 1255 2451; x_wconf 85' lang='lat' dir='ltr'><strong>other</strong></span> <span class='ocrx_word' id='word_1_205' title='bbox 1276 2424 1431 2453; x_wconf 82' lang='lat' dir='ltr'><strong>entrance</strong></span> 
     </span>
     <span class='ocr_line' id='line_1_32' title="bbox 158 2464 1431 2507; baseline 0 -8"><span class='ocrx_word' id='word_1_206' title='bbox 158 2467 270 2499; x_wconf 86' lang='lat' dir='ltr'><strong>which</strong></span> <span class='ocrx_word' id='word_1_207' title='bbox 291 2467 346 2498; x_wconf 82' lang='lat' dir='ltr'><strong>the</strong></span> <span class='ocrx_word' id='word_1_208' title='bbox 368 2467 537 2507; x_wconf 81' lang='lat' dir='ltr'><strong>Flemings</strong></span> <span class='ocrx_word' id='word_1_209' title='bbox 557 2467 623 2497; x_wconf 81' lang='lat' dir='ltr'><strong>had</strong></span> <span class='ocrx_word' id='word_1_210' title='bbox 648 2466 778 2505; x_wconf 87' lang='lat' dir='ltr'><strong>opened</strong></span> <span class='ocrx_word' id='word_1_211' title='bbox 812 2469 846 2496; x_wconf 92' lang='lat' dir='ltr'><strong>to</strong></span> <span class='ocrx_word' id='word_1_212' title='bbox 861 2465 916 2496; x_wconf 89' lang='lat' dir='ltr'><strong>the</strong></span> <span class='ocrx_word' id='word_1_213' title='bbox 932 2466 1001 2504; x_wconf 85' lang='lat' dir='ltr'><strong>city</strong></span> <span class='ocrx_word' id='word_1_214' title='bbox 1017 2466 1055 2497; x_wconf 80' lang='lat' dir='ltr'><strong>of</strong></span> <span class='ocrx_word' id='word_1_215' title='bbox 1074 2464 1207 2504; x_wconf 86' lang='lat' dir='ltr'><strong>Rouen,</strong></span> <span class='ocrx_word' id='word_1_216' title='bbox 1222 2475 1295 2497; x_wconf 84' lang='lat' dir='ltr'><strong>was</strong></span> <span class='ocrx_word' id='word_1_217' title='bbox 1319 2467 1354 2497; x_wconf 88' lang='lat' dir='ltr'><strong>in</strong></span> <span class='ocrx_word' id='word_1_218' title='bbox 1374 2467 1431 2499; x_wconf 89' lang='lat' dir='ltr'><strong>the</strong></span> 
     </span>
     <span class='ocr_line' id='line_1_33' title="bbox 158 2510 1308 2552; baseline -0.001 -8"><span class='ocrx_word' id='word_1_219' title='bbox 158 2514 214 2545; x_wconf 92' lang='lat' dir='ltr'><strong>the</strong></span> <span class='ocrx_word' id='word_1_220' title='bbox 226 2513 382 2552; x_wconf 79' lang='lat' dir='ltr'><strong>previous</strong></span> <span class='ocrx_word' id='word_1_221' title='bbox 394 2521 486 2551; x_wconf 88' lang='lat' dir='ltr'><strong>year,</strong></span> <span class='ocrx_word' id='word_1_222' title='bbox 496 2512 594 2543; x_wconf 88' lang='lat' dir='ltr'><strong>when</strong></span> <span class='ocrx_word' id='word_1_223' title='bbox 604 2510 778 2542; x_wconf 62' lang='lat' dir='ltr'><strong>Neufcha-</strong></span> <span class='ocrx_word' id='word_1_224' title='bbox 813 2511 1005 2551; x_wconf 80' lang='lat' dir='ltr'><strong>possession</strong></span> <span class='ocrx_word' id='word_1_225' title='bbox 1020 2511 1058 2542; x_wconf 85' lang='lat' dir='ltr'><strong>of</strong></span> <span class='ocrx_word' id='word_1_226' title='bbox 1070 2511 1162 2551; x_wconf 83' lang='lat' dir='ltr'><strong>King</strong></span> <span class='ocrx_word' id='word_1_227' title='bbox 1178 2511 1308 2551; x_wconf 82' lang='lat' dir='ltr'><strong>Henry.</strong></span> 
     </span>
     <span class='ocr_line' id='line_1_34' title="bbox 158 2554 1430 2599; baseline -0.002 -9"><span class='ocrx_word' id='word_1_228' title='bbox 158 2559 217 2599; x_wconf 88' lang='lat' dir='ltr'><strong>tel,</strong></span> <span class='ocrx_word' id='word_1_229' title='bbox 238 2558 396 2596; x_wconf 84' lang='lat' dir='ltr'><strong>Aumale,</strong></span> <span class='ocrx_word' id='word_1_230' title='bbox 418 2557 485 2588; x_wconf 84' lang='lat' dir='ltr'><strong>and</strong></span> <span class='ocrx_word' id='word_1_231' title='bbox 511 2556 606 2588; x_wconf 87' lang='lat' dir='ltr'><strong>other</strong></span> <span class='ocrx_word' id='word_1_232' title='bbox 628 2557 777 2587; x_wconf 85' lang='lat' dir='ltr'><strong>Norman</strong></span> <span class='ocrx_word' id='word_1_233' title='bbox 859 2554 873 2574; x_wconf 77' lang='lat'>²</span> <span class='ocrx_word' id='word_1_234' title='bbox 894 2556 977 2586; x_wconf 82' lang='lat' dir='ltr'><strong>This</strong></span> <span class='ocrx_word' id='word_1_235' title='bbox 1007 2556 1124 2595; x_wconf 86' lang='lat' dir='ltr'><strong>bridge</strong></span> <span class='ocrx_word' id='word_1_236' title='bbox 1148 2566 1227 2588; x_wconf 87' lang='lat' dir='ltr'><strong>over</strong></span> <span class='ocrx_word' id='word_1_237' title='bbox 1251 2557 1307 2588; x_wconf 89' lang='lat' dir='ltr'><strong>the</strong></span> <span class='ocrx_word' id='word_1_238' title='bbox 1331 2556 1430 2588; x_wconf 86' lang='lat' dir='ltr'><strong>Seine</strong></span> 
     </span>
     <span class='ocr_line' id='line_1_35' title="bbox 159 2601 1431 2643; baseline -0.002 -7"><span class='ocrx_word' id='word_1_239' title='bbox 159 2605 333 2636; x_wconf 76' lang='lat' dir='ltr'><strong>forn-esses</strong></span> <span class='ocrx_word' id='word_1_240' title='bbox 362 2602 420 2634; x_wconf 83' lang='lat' dir='ltr'><strong>seu</strong></span> <span class='ocrx_word' id='word_1_241' title='bbox 446 2603 515 2633; x_wconf 86' lang='lat' dir='ltr'><strong>into</strong></span> <span class='ocrx_word' id='word_1_242' title='bbox 543 2602 631 2633; x_wconf 89' lang='lat' dir='ltr'><strong>their</strong></span> <span class='ocrx_word' id='word_1_243' title='bbox 659 2602 778 2633; x_wconf 89' lang='lat' dir='ltr'><strong>hands.</strong></span> <span class='ocrx_word' id='word_1_244' title='bbox 814 2611 885 2632; x_wconf 84' lang='lat' dir='ltr'><strong>was</strong></span> <span class='ocrx_word' id='word_1_245' title='bbox 912 2601 999 2632; x_wconf 87' lang='lat' dir='ltr'><strong>built</strong></span> <span class='ocrx_word' id='word_1_246' title='bbox 1021 2602 1066 2641; x_wconf 88' lang='lat' dir='ltr'><strong>by</strong></span> <span class='ocrx_word' id='word_1_247' title='bbox 1088 2601 1144 2643; x_wconf 85' lang='lat' dir='ltr'><strong>the</strong></span> <span class='ocrx_word' id='word_1_248' title='bbox 1170 2602 1330 2641; x_wconf 85' lang='lat' dir='ltr'><strong>Empress</strong></span> <span class='ocrx_word' id='word_1_249' title='bbox 1355 2603 1431 2633; x_wconf 84' lang='lat' dir='ltr'><strong>Ma-</strong></span> 
     </span>
     <span class='ocr_line' id='line_1_36' title="bbox 158 2646 910 2688; baseline -0.007 -7"><span class='ocrx_word' id='word_1_250' title='bbox 158 2651 240 2681; x_wconf 86' lang='lat' dir='ltr'><strong>This</strong></span> <span class='ocrx_word' id='word_1_251' title='bbox 255 2649 348 2688; x_wconf 86' lang='lat' dir='ltr'><strong>road,</strong></span> <span class='ocrx_word' id='word_1_252' title='bbox 366 2648 493 2688; x_wconf 88' lang='lat' dir='ltr'><strong>though</strong></span> <span class='ocrx_word' id='word_1_253' title='bbox 515 2647 698 2686; x_wconf 81' lang='lat' dir='ltr'><strong>extremely</strong></span> <span class='ocrx_word' id='word_1_254' title='bbox 713 2647 778 2677; x_wconf 78' lang='lat' dir='ltr'><strong>dif-</strong></span> <span class='ocrx_word' id='word_1_255' title='bbox 814 2646 910 2677; x_wconf 83' lang='lat' dir='ltr'><strong>tilda.</strong></span> 
     </span>
     <span class='ocr_line' id='line_1_37' title="bbox 159 2690 1347 2734; baseline -0.002 -8"><span class='ocrx_word' id='word_1_256' title='bbox 159 2696 263 2734; x_wconf 86' lang='lat' dir='ltr'><strong>ficult,</strong></span> <span class='ocrx_word' id='word_1_257' title='bbox 289 2703 359 2725; x_wconf 88' lang='lat' dir='ltr'><strong>was</strong></span> <span class='ocrx_word' id='word_1_258' title='bbox 383 2693 438 2724; x_wconf 91' lang='lat' dir='ltr'><strong>the</strong></span> <span class='ocrx_word' id='word_1_259' title='bbox 462 2693 541 2732; x_wconf 86' lang='lat' dir='ltr'><strong>only</strong></span> <span class='ocrx_word' id='word_1_260' title='bbox 569 2702 713 2732; x_wconf 83' lang='lat' dir='ltr'><strong>passage</strong></span> <span class='ocrx_word' id='word_1_261' title='bbox 736 2702 778 2722; x_wconf 85' lang='lat' dir='ltr'><strong>an</strong></span> <span class='ocrx_word' id='word_1_262' title='bbox 861 2690 875 2711; x_wconf 74' lang='lat'>⁸</span> <span class='ocrx_word' id='word_1_263' title='bbox 897 2690 1041 2731; x_wconf 85' lang='lat' dir='ltr'><strong>‘liberi,’</strong></span> <span class='ocrx_word' id='word_1_264' title='bbox 1059 2691 1133 2724; x_wconf 89' lang='lat' dir='ltr'><strong>MS.</strong></span> <span class='ocrx_word' id='word_1_265' title='bbox 1150 2691 1238 2723; x_wconf 85' lang='lat' dir='ltr'><strong>coll.</strong></span> <span class='ocrx_word' id='word_1_266' title='bbox 1257 2692 1347 2724; x_wconf 81' lang='lat' dir='ltr'><strong>Arm.</strong></span> 
     </span>
     <span class='ocr_line' id='line_1_38' title="bbox 159 2735 1307 2780; baseline -0.003 -8"><span class='ocrx_word' id='word_1_267' title='bbox 159 2751 276 2780; x_wconf 88' lang='lat' dir='ltr'><strong>enemy</strong></span> <span class='ocrx_word' id='word_1_268' title='bbox 299 2739 399 2771; x_wconf 90' lang='lat' dir='ltr'><strong>could</strong></span> <span class='ocrx_word' id='word_1_269' title='bbox 421 2739 514 2778; x_wconf 84' lang='lat' dir='ltr'><strong>take,</strong></span> <span class='ocrx_word' id='word_1_270' title='bbox 537 2748 576 2770; x_wconf 83' lang='lat' dir='ltr'><strong>as</strong></span> <span class='ocrx_word' id='word_1_271' title='bbox 597 2738 654 2769; x_wconf 89' lang='lat' dir='ltr'><strong>the</strong></span> <span class='ocrx_word' id='word_1_272' title='bbox 669 2737 778 2768; x_wconf 89' lang='lat' dir='ltr'><strong>whole</strong></span> <span class='ocrx_word' id='word_1_273' title='bbox 862 2735 874 2756; x_wconf 83' lang='lat'>⁴</span> <span class='ocrx_word' id='word_1_274' title='bbox 899 2737 909 2754; x_wconf 89' lang='lat'>‘</span> <span class='ocrx_word' id='word_1_275' title='bbox 921 2737 1073 2777; x_wconf 83' lang='lat' dir='ltr'><strong>aliquot,&#39;</strong></span> <span class='ocrx_word' id='word_1_276' title='bbox 1089 2738 1165 2769; x_wconf 90' lang='lat' dir='ltr'><strong>MS.</strong></span> <span class='ocrx_word' id='word_1_277' title='bbox 1183 2738 1307 2770; x_wconf 86' lang='lat' dir='ltr'><strong>Lansd.</strong></span> 
     </span>
    </p>
   </div>
   <div class='ocr_carea' id='block_1_5' title="bbox 1453 398 1620 458">
    <p class='ocr_par' dir='ltr' id='par_1_5' title="bbox 1453 398 1620 458">
     <span class='ocr_line' id='line_1_39' title="bbox 1463 398 1613 431; baseline -0.02 -6"><span class='ocrx_word' id='word_1_278' title='bbox 1463 400 1560 431; x_wconf 78' lang='lat' dir='ltr'><strong>nenry</strong></span> <span class='ocrx_word' id='word_1_279' title='bbox 1573 398 1613 424; x_wconf 88' lang='lat'><strong>11.</strong></span> 
     </span>
     <span class='ocr_line' id='line_1_40' title="bbox 1453 432 1620 458; baseline -0.012 0"><span class='ocrx_word' id='word_1_280' title='bbox 1453 434 1487 458; x_wconf 75' lang='lat' dir='ltr'><strong>A.</strong></span> <span class='ocrx_word' id='word_1_281' title='bbox 1498 433 1534 458; x_wconf 87' lang='lat' dir='ltr'><strong>n.</strong></span> <span class='ocrx_word' id='word_1_282' title='bbox 1546 432 1620 457; x_wconf 77' lang='lat'><strong>11⁷4.</strong></span> 
     </span>
    </p>
   </div>
   <div class='ocr_carea' id='block_1_6' title="bbox 1435 467 1633 475">
    <p class='ocr_par' dir='ltr' id='par_1_6' title="bbox 1435 467 1633 475">
     <span class='ocr_line' id='line_1_41' title="bbox 1435 467 1633 475; baseline 0 2711"><span class='ocrx_word' id='word_1_283' title='bbox 1435 467 1633 475; x_wconf 95' lang='lat' dir='ltr'><strong> </strong></span> 
     </span>
    </p>
   </div>
   <div class='ocr_carea' id='block_1_7' title="bbox 1436 564 1562 624">
    <p class='ocr_par' dir='ltr' id='par_1_7' title="bbox 1436 564 1562 624">
     <span class='ocr_line' id='line_1_42' title="bbox 1436 564 1562 596; baseline -0.008 -6"><span class='ocrx_word' id='word_1_284' title='bbox 1436 565 1518 596; x_wconf 81' lang='lat' dir='ltr'><strong>siege</strong></span> <span class='ocrx_word' id='word_1_285' title='bbox 1529 564 1562 589; x_wconf 74' lang='lat' dir='ltr'><strong>or</strong></span> 
     </span>
     <span class='ocr_line' id='line_1_43' title="bbox 1437 599 1549 624; baseline -0.027 0"><span class='ocrx_word' id='word_1_286' title='bbox 1437 599 1549 624; x_wconf 82' lang='lat' dir='ltr'><strong>Rouen.</strong></span> 
     </span>
    </p>
   </div>
  </div>
 </body>
</html>
