1866 3186
522 293 747 325 WALTEm
784 294 842 324 DE
876 294 1251 327 HssmlNcBURGH.
1429 284 1514 326 189

251 394 389 447 facto,
411 399 637 454 principes
658 406 703 442 et
726 402 883 455 populi
910 402 1118 443 certatim
1150 403 1400 456 repatriare
1422 415 1512 444 coe-
1550 405 1723 467 213’21‘3915·

251 469 429 515 perum,
466 478 587 507 anno
623 468 680 507 ab
722 467 1070 521 expugnatione
1103 468 1406 510 Ptolomaidae
1443 481 1514 509 se·
1577 460 1583 466 ’
1626 459 1632 465 ’

253 530 420 580 cundo,
456 536 660 585 tempore
695 534 983 575 autumnali:
1016 546 1128 575 sane
1161 535 1516 588 repatriantibus

254 596 432 637 caeteris
454 603 621 651 praeter
641 611 720 640 eos
746 600 824 652 qui
845 599 1044 641 ordinati
1065 605 1195 642 erant
1225 600 1282 642 ad
1302 600 1518 654 praesidia

254 662 451 713 urbium,
494 676 577 705 rex
619 664 848 706 Ricardus
889 666 967 718 qui
996 665 1096 719 jam
1140 665 1233 707 fere
1275 666 1518 707 thesauros
1537 677 1715 717 menarum-

254 727 534 770 exhauserat
556 730 604 770 in
622 734 636 752 ‘
652 730 902 784 Cyprum’¹
923 744 1026 771 cum
1051 731 1147 772 suis
1170 731 1317 772 rediit.
1381 731 1516 782 Quod
1535 714 1612 736 ‘m'

254 793 442 835 audiens
491 794 736 836 Saladinus
785 796 943 838 statim
986 809 1089 836 cum
1132 797 1340 838 exercitu
1382 809 1520 850 super

254 859 285 901 J
289 872 437 913 oppen
457 860 614 908 irruit;
649 874 794 915 eaque
815 861 1024 903 celeriter
1043 867 1313 915 expugnata
1327 868 1374 903 et
1395 862 1519 904 facta

256 924 621 980 Christianorum
665 932 823 981 strage
868 941 959 968 non
1005 928 1185 969 modica
1232 927 1433 982 reliquos
1472 929 1516 969 in
1537 940 1651 978 Samia

255 1003 359 1032 arce
396 992 638 1034 conclusos
679 993 884 1036 obsedit:
917 994 995 1047 qui
1031 994 1322 1036 vehementer
1352 995 1518 1036 arctati
1537 974 1662 1032 ῗξῗξῗθδ

255 1070 358 1098 cum
381 1063 578 1113 tyranno
601 1060 726 1112 pacti
756 1065 864 1102 sunt
888 1064 899 1081 ‘
917 1058 1239 1101 deditionem’2
1261 1060 1318 1101 ad
1344 1065 1519 1101 certum

255 1123 374 1164 diem
408 1124 611 1174 reddere,
650 1126 737 1166 nisi
775 1126 893 1167 forte
926 1126 991 1167 eis
1022 1126 1069 1166 in
1102 1118 1327 1167 auxilium
1358 1139 1518 1179 super-

256 1190 433 1231 veniret
497 1191 728 1232 exercitus
789 1191 1093 1234 Christianus
1188 1192 1294 1233 Rex
1365 1197 1519 1233 autem
1538 1203 1727 1243 Tpessnsslish

259 1255 487 1297 Ricardus
525 1270 632 1298 mox
675 1262 726 1298 ut
770 1257 944 1299 sinistri
985 1262 1179 1299 eventus
1220 1237 1740 1298 ‘nuncium’³t¹f›¹}¹1{¹r¹2i⁸÷2⁹s¹.'³

256 1323 434 1374 accepit
464 1323 677 1363 secundis
712 1323 898 1364 flatibus
929 1323 1109 1377 Syriam
1132 1324 1340 1365 celeriter
1369 1324 1520 1373 rediit,

256 1391 302 1427 et
336 1387 394 1427 ad
429 1387 613 1442 Joppen
648 1402 900 1442 properans
935 1389 1114 1431 Turcos
1146 1389 1383 1443 inopinato
1419 1389 1520 1444 ejus

257 1453 406 1494 reditu
434 1454 698 1507 impetuque
723 1455 988 1509 perterritos
1017 1456 1064 1496 in
1086 1455 1243 1508 fugam
1265 1456 1518 1497 convertit:

257 1519 335 1571 qui
361 1533 542 1560 rursum
574 1521 837 1573 conglobati
867 1526 912 1562 et
945 1521 1121 1574 ingenti
1150 1534 1337 1563 numero
1361 1522 1522 1563 confisi

258 1597 360 1625 eum
396 1585 444 1626 in
483 1585 732 1639 ‘Joppen'⁴
769 1588 976 1628 clausum
1016 1588 1187 1629 frustra
1225 1588 1379 1628 conati
1415 1594 1523 1628 sunt

258 1650 480 1692 obsidere.
559 1652 787 1704 Egressus
820 1666 1017 1705 namque
1053 1654 1098 1694 in
1135 1653 1301 1706 spiritu
1338 1654 1520 1694 fortitu·
1540 1663 1634 1721 232²
1647 1663 1678 1687 or

258 1716 377 1757 dinis
398 1716 662 1771 frequenter
683 1731 764 1771 per
784 1718 882 1759 dies
905 1719 1081 1771 aliquot
1103 1732 1206 1759 cum
1232 1719 1297 1760 eis
1319 1719 1522 1760 exterius
1560 1712 1566 1720 ¹
1616 1715 1620 1720 ’

261 1782 306 1822 in
345 1795 508 1837 campo
544 1783 778 1825 conflixit:
812 1785 995 1826 tandem
1031 1798 1156 1834 vero,
1191 1784 1377 1826 Christo
1416 1798 1521 1837 pro-

258 1848 387 1902 pitio,
409 1850 474 1891 ita
497 1862 574 1891 eos
598 1850 814 1892 contrivit
847 1857 899 1892 ut
930 1851 1152 1892 invictum
1189 1850 1289 1904 ejus
1320 1850 1519 1891 animum

262 1915 482 1957 mirantes
504 1921 549 1957 et
573 1915 684 1957 nihil
719 1921 880 1958 contra
911 1930 1015 1958 eum
1044 1915 1312 1958 ‘ulterius'⁵
1351 1917 1522 1958 auden-

261 1979 369 2021 dum
392 1987 622 2035 putantes,
644 1982 827 2023 omnino
859 1983 1134 2024 recederent.
1204 1982 1234 2024 J
1240 1996 1358 2036 oppe
1381 1983 1524 2036 igitur
1539 1987 1663 2047 ggffjard
1679 1986 1740 2012 &¹¹¹³

259 2045 455 2088 liberata
490 2048 611 2102 apud
660 2048 898 2090 castellum
937 2049 1059 2103 quod
1103 2049 1271 2090 dicitur
1308 2049 1523 2103 Cayphas

261 2112 421 2153 diebus
443 2113 620 2167 aliquot
655 2114 930 2166 aegrotavit3
963 2115 1084 2167 quod
1118 2115 1310 2155 audiens
1346 2115 1523 2156 Saladi-

261 2190 348 2218 nus
386 2192 477 2220 non
516 2184 733 2231 tanquam
769 2179 824 2220 de
860 2179 987 2220 hoste
1020 2180 1257 2221 debilitato
1281 2181 1525 2227 exultavit,

262 2244 341 2284 sed
366 2248 586 2298 tanquam
611 2244 666 2285 de
687 2244 972 2286 invictissimi
998 2246 1217 2298 principis
1239 2247 1525 2287 incommodo

262 2310 514 2360 condoluit,
571 2310 813 2363 missisque
862 2311 920 2350 ad
975 2323 1077 2351 eum
1137 2312 1315 2352 nunciis
1378 2312 1521 2352 dixit:

264 2379 293 2397 “
308 2375 459 2425 Scio‚”
483 2377 648 2430 inquit,
670 2379 699 2398 “
716 2376 837 2430 quod
867 2389 1027 2430 sospes
1051 2377 1096 2416 in
1130 2376 1216 2418 hac
1237 2382 1360 2417 terra
1385 2377 1524 2430 proli-

265 2441 440 2482 xiorem
462 2455 635 2483 moram
653 2442 801 2483 facere
824 2455 1053 2495 nequeas;
1087 2448 1131 2483 te
1153 2442 1289 2483 etiam
1312 2443 1525 2490 abeunte,

263 2507 386 2558 quod
409 2519 436 2547 a
461 2507 734 2548 Christianis
767 2512 861 2548 tam
891 2508 1117 2549 laboriose
1149 2508 1429 2561 adquisitum
1453 2513 1524 2549 est

278 2686 284 2695 ¹
311 2637 623 2672 ’Otherhistorians
631 2640 879 2672 read‘Acram.'
962 2639 975 2658 ³
987 2640 996 2657 ‘
1009 2640 1164 2681 nunciis,'
1181 2641 1255 2672 MS.
1273 2641 1362 2672 Cott.
1379 2641 1455 2672 Tib.

309 2777 323 2797 ²
337 2779 347 2796 ‘
360 2779 546 2818 deditioni:
562 2779 636 2811 MS.
653 2779 778 2810 Lansd.
960 2775 973 2794 ‘⁶’
988 2776 1136 2807 Omitted
1155 2776 1188 2807 in
1206 2775 1281 2807 MS.
1300 2775 1424 2807 Lansd.
