1866 3186
195 383 327 414 Stephen.

177 418 210 441 Α.
226 417 258 440 D.
276 416 350 440 1152.

164 731 260 756 Prince
273 732 345 758 Eus-

160 766 222 790 tace
233 765 303 791 dies.

165 1588 197 1613 A.
210 1588 245 1614 D.
258 1588 330 1613 1153.

167 1848 254 1872 Peace
267 1847 290 1873 is
299 1854 365 1872 con-

165 1881 264 1905 cluded
286 1881 332 1906 be-

166 1917 257 1938 tween
272 1914 332 1938 Ste-

166 1946 239 1977 phen
262 1947 317 1971 and

166 1979 271 2010 Henry.

167 2012 193 2036 N
195 2019 238 2037 ov.
253 2011 278 2037 7.

170 2235 266 2265 Henry
279 2234 303 2259 is
321 2234 370 2260 de—

168 2267 259 2292 clar-ed
272 2270 342 2292 next

168 2300 229 2324 heir
241 2303 269 2325 to
282 2301 329 2325 the

166 2333 275 2363 throne,

378 256 437 297 76
874 262 1154 294 cHRomcoN

379 368 578 421 negotia,
614 367 660 408 in
692 367 900 408 omnibus
929 366 1157 408 arridente
1192 365 1376 407 fortuna
1408 377 1646 418 prospera-

381 439 454 476 tus
476 438 558 475 est.

382 562 585 616 Quomodo
605 564 695 605 Rex
715 569 753 605 et
776 563 911 604 Comes
931 562 1168 604 concordati
1184 567 1295 610 sunt,
1315 567 1353 603 et
1369 576 1452 617 qua
1474 562 1646 603 Forma.

448 651 572 692 Dum
602 650 700 691 haec
729 650 813 690 sub
843 653 1011 691 eventu
1045 648 1244 702 pendulo
1276 649 1394 689 inter
1424 661 1577 701 regem
1603 653 1649 690 et

380 716 542 758 ducem
569 715 806 758 altercatio
835 714 1106 763 traheretur,
1140 713 1415 754 Eustachius
1445 713 1647 768 ejusdem

382 782 502 834 regis
534 781 653 822 filius
682 781 978 822 immaturata
1007 784 1152 821 morte
1183 779 1404 828 discessit,
1435 792 1649 832 magnam

381 847 658 888 seminandae
689 846 815 900 pacis
848 846 1131 886 occasionem
1170 848 1182 866 ‘
1202 845 1273 885 sui
1305 845 1361 885 de
1390 844 1536 886 medio
1567 846 1648 886 ab-

381 912 553 954 latione
574 909 891 964 relinquens;’¹
928 923 982 951 eo
1010 910 1180 963 quippe
1206 911 1467 963 superstite,
1494 914 1649 963 partes

382 978 502 1018 uniri
533 989 625 1018 non
649 981 876 1030 poterant,
900 981 998 1017 tum
1033 980 1220 1029 propter
1242 975 1494 1029 juvenilem
1525 975 1648 1029 ejus-

380 1043 483 1083 dem
517 1042 812 1083 acrimoniam
852 1046 948 1082 tum
988 1045 1172 1094 propter
1209 1041 1329 1093 regis
1368 1040 1648 1082 Francorum

380 1107 594 1148 fiduciam
622 1119 759 1160 quam
786 1119 845 1147 ex
875 1105 1097 1147 affinitate
1117 1109 1429 1155 contraxerat,
1450 1119 1505 1147 eo
1526 1106 1649 1160 quod

380 1185 582 1214 sororem
622 1184 753 1213 suam
777 1172 975 1213 duxerat
1003 1172 1050 1212 in
1087 1184 1305 1218 uxorem;
1343 1176 1538 1224 utroque
1567 1185 1649 1213 au-

380 1242 471 1279 tem
507 1238 636 1291 pacis
673 1237 1000 1290 impedimento
1031 1250 1112 1290 per
1142 1237 1277 1277 unius
1307 1236 1502 1278 hominis
1533 1250 1649 1279 mor-

381 1308 472 1344 tem
511 1304 577 1344 sic
614 1303 786 1353 ablato,
823 1302 1058 1344 confestim
1101 1303 1184 1344 viri
1224 1302 1403 1355 pacifici
1443 1303 1499 1344 de
1537 1316 1649 1356 pace

382 1369 616 1410 suadenda
660 1375 799 1421 atque
845 1368 1084 1409 formanda
1131 1368 1400 1421 propensius
1447 1369 1650 1421 cogitare

382 1439 633 1488 coeperunt.
704 1434 1007 1475 Exulceratus
1035 1438 1187 1475 autem
1218 1447 1299 1474 rex
1325 1434 1371 1474 in
1399 1439 1545 1476 morte
1571 1434 1652 1476 filii

381 1501 460 1554 qui
499 1500 587 1542 sibi
627 1512 921 1541 successurus
957 1500 1242 1553 sperabatur,
1276 1513 1412 1541 voces
1454 1499 1649 1541 suaden-

380 1565 494 1607 tium
538 1579 695 1619 pacem
742 1566 879 1607 solito
928 1566 1176 1619 patientius
1219 1565 1447 1607 audiebat.
1537 1566 1652 1607 Dux

381 1637 552 1682 autem,
571 1631 862 1685 prudentium
879 1631 1128 1672 inclinatus
1150 1631 1364 1681 consiliis,
1386 1636 1438 1672 ut
1460 1631 1651 1674 honesto

381 1702 428 1738 et
472 1697 619 1738 solido
658 1697 818 1738 foederi
863 1709 998 1738 casus
1049 1702 1344 1750 postponeret
1393 1698 1648 1751 ambiguos,

380 1767 620 1814 gratanter
643 1763 895 1816 adquievit,
920 1762 1184 1816 placuitque
1206 1763 1326 1804 inter
1349 1776 1427 1804 eos
1451 1763 1651 1805 solemne

381 1833 426 1869 et
447 1828 630 1869 salubre
651 1829 927 1881 colloquium
950 1828 1195 1876 celebrari;
1233 1830 1308 1869 ubi
1332 1829 1489 1870 amicis
1511 1830 1650 1870 medi-

383 1893 583 1943 antibus,
608 1898 653 1934 et
677 1894 798 1934 circa
822 1894 990 1934 bonum
1017 1894 1246 1946 publicum
1272 1895 1349 1947 pia
1372 1899 1417 1935 et
1439 1895 1651 1947 prudenti

383 1958 642 2011 provisione
676 1958 1010 2011 satagentibus,
1045 1971 1139 2011 pax
1172 1959 1294 2000 inter
1328 1972 1406 2000 eos
1438 1966 1484 2001 et
1518 1966 1651 2002 caute

383 2023 579 2064 formata
600 2028 646 2065 et
667 2023 810 2065 solide
831 2024 1013 2064 firmata
1036 2028 1130 2065 est:
1163 2024 1483 2078 decretumque
1507 2031 1576 2067 est
1600 2032 1651 2068 ut

384 2088 645 2142 Stephanus
670 2089 725 2130 de
748 2094 914 2130 caetero
943 2094 1161 2142 tanquam
1186 2090 1396 2143 princeps
1419 2091 1651 2144 legitimus

384 2153 563 2206 integre
583 2155 631 2195 in
653 2153 826 2207 Anglia
852 2167 954 2196 cum
977 2154 1124 2207 gloria
1153 2160 1199 2196 et
1223 2155 1394 2196 honore
1421 2163 1651 2209 regnaret,

387 2218 619 2261 Henricus
658 2233 767 2261 vero
812 2220 854 2261 ei
889 2224 1109 2273 tanquam
1149 2220 1294 2262 haeres
1336 2221 1566 2273 legitimus
1605 2223 1651 2263 in

386 2298 526 2337 regno
551 2285 829 2327 succederet.
901 2285 1039 2327 Hanc
1066 2286 1192 2338 pacis
1215 2287 1407 2328 formam
1432 2292 1650 2340 tanquam

385 2350 543 2392 utilem
564 2356 610 2392 et
635 2351 870 2392 honestam
900 2352 1112 2404 princeps
1142 2356 1332 2404 uterque
1363 2352 1652 2405 amplexatus

385 2420 471 2465 est,
496 2421 541 2457 et
564 2417 610 2457 in
632 2422 816 2458 mutuos
838 2416 992 2457 multis
1017 2429 1111 2469 prae
1135 2417 1304 2469 gaudio
1327 2417 1650 2471 lachrymanti-

385 2482 468 2522 bus
495 2494 545 2523 se
569 2482 790 2523 dederunt
817 2481 1073 2535 amplexus,
1094 2487 1140 2523 et
1166 2495 1247 2523 rex
1277 2483 1458 2537 quidem
1490 2484 1650 2525 ducem

385 2546 608 2600 adoptans
648 2549 695 2588 in
729 2548 870 2588 filium
906 2561 1009 2588 eum
1047 2547 1311 2589 solemniter
1343 2561 1650 2590 successorem

385 2624 516 2652 suum
545 2613 821 2664 declaravit;
865 2613 959 2653 dux
992 2626 1102 2654 vero
1134 2627 1286 2666 regem
1316 2618 1533 2666 tanquam
1568 2628 1648 2667 pa-

388 2758 409 2787 (
435 2709 594 2789 ltt‘ssgsa
606 2714 659 2744 sui
675 2714 716 2745 de
735 2714 844 2745 medio
860 2714 1005 2745 ablatam
1022 2711 1237 2753 relinquens,'
1257 2714 1354 2746 MSS.
1366 2713 1451 2745 Con.
1468 2714 1562 2745 Arm.
1580 2714 1647 2745 and

409 2758 436 2786 ὀ
468 2781 475 2788 .
522 2759 531 2788 i
559 2782 565 2789 .
