1866 3186
385 268 473 309 146
870 278 1146 309 cHRomcoN

196 392 317 418 menard
329 393 353 418 1-
390 387 513 424 esset
543 381 722 423 animus
743 384 757 403 ‘
774 381 970 435 propriis
1002 381 1224 422 uxoribus
1251 386 1298 422 et
1324 380 1478 422 liberis
1502 381 1643 422 vitam

174 426 360 506 5222:ss
392 448 656 489 adimerent.
740 445 883 488 M0x¹
932 446 1261 487 famosissimus
1314 446 1390 487 ille
1443 446 1473 487 J
1477 457 1646 487 ocenus

173 515 220 539 ὼε
232 514 317 539 'ffl-
392 513 541 555 Annae
565 513 701 554 uxori
726 525 822 554 suae
851 511 1004 553 cultro
1025 517 1257 565 praeacuto
1287 517 1445 565 guttur
1472 512 1645 561 incidit,

395 577 490 620 et’2
522 578 718 633 propriis
742 590 924 632 quoque
943 577 1048 618 filiis
1069 589 1160 618 non
1192 578 1420 631 pepercit:
1451 590 1645 630 cumque

394 645 479 686 hoc
510 645 656 686 ‘idem
673 643 709 666 ’³
742 649 788 685 et
809 645 866 685 ab
888 643 989 684 aliis
1011 642 1121 684 viris
1143 642 1316 684 factum
1346 647 1480 692 esset,
1499 643 1644 683 infeli-

394 710 602 752 cissimus
631 709 708 751 ille
738 709 887 751 senior
912 708 942 750 J
946 721 1152 758 ocenum,
1179 722 1232 750 eo
1262 708 1384 762 quod
1419 713 1539 749 esset
1565 708 1645 749 ho-

394 776 641 818 norabilior
675 775 867 825 caeteris,
895 774 1144 829 Jugulavit.
1228 774 1498 827 Absumptis
1538 786 1646 815 mox

394 842 602 883 omnibus
633 854 726 882 una
756 854 859 881 cum
884 840 1104 892 magistro
1135 840 1315 890 erroris,
1346 839 1562 888 immisso,
1597 844 1650 880 ut

393 907 564 947 dictum
609 911 694 956 est,
739 918 767 947 a
812 906 1042 947 morituris
1090 906 1210 958 igne,
1250 906 1467 947 interiora
1510 906 1648 946 turris

394 972 553 1017 ardere
571 976 823 1025 coeperunt.
893 970 986 1021 Qui
1005 983 1115 1012 vero
1134 971 1277 1012 vitam
1301 971 1548 1023 elegerant,
1577 971 1645 1011 in-

394 1037 553 1078 cendio
576 1041 712 1090 prout
736 1040 950 1090 poterant
974 1036 1259 1077 resistebant.
1328 1036 1470 1077 Mane
1496 1040 1649 1077 autem

394 1102 533 1152 sacto,
576 1115 679 1144 cum
718 1101 915 1155 populus
954 1101 1166 1154 frequens
1202 1101 1260 1142 ad
1296 1101 1648 1155 expugnandam

395 1181 545 1208 arcem
585 1171 889 1216 concurreret,
928 1166 1105 1207 miserae
1142 1166 1232 1207 illae
1272 1166 1302 1208 J
1306 1167 1540 1208 udaeorum
1579 1181 1650 1208 re-

394 1233 549 1286 liquiae
578 1238 752 1274 stantes
776 1233 835 1274 ad
866 1232 1226 1286 propugnacula,
1250 1237 1520 1274 nocturnam
1546 1246 1652 1275 suo-

395 1312 496 1339 rum
527 1299 702 1340 cladem
731 1310 843 1340 voce
869 1298 1153 1351 lacrymabili
1173 1298 1491 1349 declararunt;
1528 1303 1574 1339 et
1593 1299 1651 1340 ad

397 1365 628 1406 oculatam
657 1364 775 1405 tanti
804 1364 1018 1404 facinoris
1053 1363 1188 1404 fidem
1219 1363 1423 1404 extincta
1459 1376 1651 1417 corpora

397 1443 527 1471 muro
559 1429 851 1471 devolventes
888 1428 1172 1469 Christianos
1204 1441 1254 1470 se
1287 1429 1385 1470 fieri
1415 1429 1652 1470 caritative

398 1495 702 1548 postularunt.
772 1493 838 1535 At
858 1494 1199 1548 conjuratorum
1233 1494 1476 1548 principes,
1497 1507 1522 1535 e
1554 1496 1654 1548 qui-

402 1562 485 1602 bus
539 1565 638 1601 erat
691 1560 875 1613 quidam
931 1560 1176 1609 Ricardus,
1221 1572 1330 1601 vero
1390 1561 1657 1613 cognomine

403 1626 720 1676 Mala-bestia,
771 1625 906 1666 homo
955 1625 1299 1675 audacissimus,
1346 1626 1472 1667 nulla
1517 1639 1654 1680 super

402 1691 591 1733 miseros
645 1690 956 1732 misericordia
1012 1692 1340 1740 movebantur;
1404 1692 1532 1733 mitia
1585 1697 1655 1734 ta·

402 1770 506 1798 men
535 1770 639 1798 cum
669 1757 734 1798 eis
768 1757 816 1797 in
850 1756 956 1798 dolo
990 1756 1228 1810 loquentes
1260 1762 1312 1799 ut
1342 1757 1497 1810 egredi
1525 1758 1656 1799 mini-

402 1836 474 1864 me
513 1828 802 1864 vererentur:
841 1835 951 1863 mox
989 1827 1042 1863 ut
1084 1823 1254 1875 egressi
1292 1828 1398 1864 sunt
1436 1823 1662 1866 hostiliter

404 1888 767 1941 comprehensos,
802 1892 847 1929 et
883 1888 1161 1940 baptismum
1196 1888 1366 1929 Christi
1399 1894 1662 1930 constanter

404 1953 705 2007 postulantes,
756 1953 934 1994 lanistae
984 1953 1283 1994 crudelissimi
1340 1960 1655 2006 peremerunt3

406 2018 530 2059 caede
570 2031 678 2060 vero
713 2018 954 2072 completa,
989 2018 1217 2072 conjurati
1256 2019 1469 2060 continuo
1505 2020 1660 2061 cathe-

405 2083 579 2125 dralem
619 2084 856 2125 ecclesiam
888 2084 1122 2134 adeuntes,
1157 2089 1450 2126 monumenta
1487 2085 1661 2127 debito-

407 2162 507 2190 rum
555 2150 722 2203 quibus
768 2149 1015 2192 Christiani
1059 2151 1380 2203 premebantur
1418 2163 1446 2192 a
1485 2150 1515 2193 J
1519 2151 1662 2193 udaeis

408 2215 575 2256 ibidem
622 2215 824 2268 reposita
871 2216 928 2256 ab
975 2216 1206 2257 exterritis
1251 2216 1515 2258 custodibus
1567 2219 1662 2259 vio-

409 2280 536 2321 lenta
577 2281 796 2322 instantia
836 2281 1059 2334 resignari
1099 2281 1319 2331 fecerunt,
1359 2286 1405 2322 et
1443 2287 1538 2324 tam
1577 2296 1661 2336 pro

412 2358 496 2386 sua
527 2359 662 2399 quam
694 2346 887 2387 aliorum
917 2346 1162 2387 multorum
1191 2347 1474 2398 liberatione,
1504 2349 1662 2389 eadem

412 2411 617 2464 profanae
658 2412 864 2453 avaritiae
902 2412 1207 2453 instrumenta
1245 2412 1291 2452 in
1330 2413 1478 2455 medio
1518 2415 1660 2455 eccle-

412 2477 491 2518 siae
542 2477 737 2518 fiammis
786 2477 1064 2518 solemnibus
1120 2478 1502 2531 absumpserunt;
1553 2492 1663 2520 sane

410 2547 616 2596 tempore
645 2543 898 2585 Dominicae
921 2542 1170 2593 Passionis,
1191 2543 1336 2597 pridie
1362 2544 1535 2586 scilicet
1556 2550 1662 2586 ante

1101 2667 1115 2688 ⁹
1135 2670 1145 2687 ‘
1157 2670 1302 2709 propriis
1324 2670 1485 2701 uxoribus
1504 2693 1512 2701 .
1532 2692 1540 2701 .
1558 2694 1566 2703 .
1585 2694 1592 2703 .
1609 2673 1666 2712 et,'

1053 2715 1190 2746 omitted
1206 2716 1240 2745 in
1256 2715 1332 2746 MS.
1349 2714 1435 2746 coll.
1451 2715 1544 2748 Arm.

1100 2759 1113 2777 ³
1134 2760 1299 2799 Supplied
1314 2760 1396 2791 from
1414 2760 1489 2793 MS.
1506 2761 1631 2795 Lansd.

454 2688 462 2707 ¹
486 2691 568 2722 This
583 2691 677 2723 word
688 2699 894 2724 commences
909 2701 930 2723 a
945 2701 1020 2723 new

407 2736 532 2766 section
552 2737 585 2767 in
603 2737 676 2768 MS.
692 2737 817 2770 Lansd.
