1866 3186
459 265 685 296 WAL'PERI
719 266 781 296 DE
812 248 1189 298 HnmiNGBURGH.
1382 257 1468 297 175

203 368 244 409 ei
279 368 605 421 poenitudinem
642 370 682 411 si
717 370 789 412 vel
827 371 913 413 hoc
950 376 1164 421 tentaret,
1203 370 1466 412 terribiliter
1506 381 1665 440 Rigaffd-

202 434 518 477 comminatus.
583 435 749 490 Itaque
780 437 901 478 idem
937 437 1325 490 Rothomagensis
1349 437 1465 478 otio·
1499 416 1533 441 ‘⁴’
1572 432 1579 439 '
1659 431 1666 438 ”

202 513 280 542 sus
313 501 360 541 in
396 499 570 554 Anglia
607 503 897 551 morabatur;
938 503 1239 545 cancellarius
1273 516 1383 544 vero
1415 503 1464 544 in

203 566 332 619 regni
356 567 753 610 administratione
782 569 974 623 collegae
1002 570 1263 623 impatiens,
1286 569 1465 622 ‘singu-

202 631 349 673 laris’l
390 633 513 674 ferus
538 632 756 687 Angliam
790 634 1153 689 depascebatur;
1187 641 1236 677 at
1265 647 1355 676 non
1386 634 1463 675 diu

204 703 309 751 post
329 699 552 751 ‘quietam
574 699 705 752 egit'2
726 700 885 750 vitam,
904 700 1038 742 malis
1055 705 1216 742 contra
1237 713 1340 741 eum
1362 712 1466 740 suc-

203 765 528 814 crescentibus,
569 770 616 807 et
653 765 788 819 primi
826 766 1009 819 quidem
1049 771 1202 807 motus
1236 765 1344 806 talis
1377 764 1466 806 suit

204 830 399 872 occasio.
470 829 705 872 Gerardus
736 831 792 873 de
824 830 1146 873 ‘Caunvilla'³
1175 831 1246 871 vir
1269 831 1398 872 dives
1418 835 1465 872 et

205 895 369 937 nobilis
404 901 579 937 emerat
602 909 631 937 a
654 909 761 949 rege
792 897 969 939 castelli
1001 897 1336 939 Lincolniensis
1360 909 1465 937 cus-

204 961 377 1002 todiam
429 975 532 1003 cum
587 962 840 1018 adjacentis
894 964 1144 1016 provinciae
1198 962 1464 1016 praesidatu.

206 1027 336 1080 Rege
363 1033 518 1070 autem
540 1028 588 1069 in
617 1029 831 1071 orientali
861 1029 1153 1083 expeditione
1186 1029 1335 1082 posito
1361 1041 1463 1069 cum
1483 1050 1663 1082 Longchamp

1482 1090 1630 1108 summons

204 1094 358 1135 nullus
392 1094 486 1135 fere
519 1094 619 1148 ejus
663 1100 870 1149 speraret
909 1095 1122 1145 reditum,
1164 1094 1466 1136 cancellarius
1483 1117 1588 1142 Geram
1601 1117 1635 1141 αθ

205 1160 492 1201 occasionem
531 1164 694 1202 nactus
734 1160 807 1202 vel
846 1173 1000 1202 veram
1045 1161 1118 1202 vel
1151 1161 1466 1210 subornatam,
1483 1149 1661 1208 scffie'fflgrw

204 1226 426 1279 praedicto
457 1225 666 1268 Gerardo
697 1239 848 1268 arcem
881 1226 1247 1268 Lincolniensem
1277 1226 1364 1268 sibi
1394 1239 1466 1267 re·
1483 1216 1598 1274 ffiffin

204 1292 386 1344 signare
408 1292 655 1345 praecepit3
691 1293 789 1346 ipse
811 1305 936 1343 vero,
962 1293 1235 1334 necessitate
1259 1297 1467 1345 cogente,
1579 1295 1581 1297 ’

205 1357 263 1398 ad
293 1356 554 1398 Johannem
592 1370 642 1399 se
673 1358 869 1399 contulit
903 1358 1096 1412 ejusque
1131 1358 1289 1399 favore
1324 1358 1468 1399 fretus

199 1422 455 1477 jussionem
477 1423 668 1477 sprevit.
739 1424 1015 1477 Indignatus
1037 1424 1339 1465 cancellarius
1360 1437 1468 1465 ean-

206 1488 307 1530 dem
354 1501 505 1530 arcem
545 1490 813 1531 obsessurus
859 1503 919 1531 ex
962 1490 1182 1545 subjectis
1221 1489 1470 1543 provinciis

206 1557 220 1575 ‘
229 1567 420 1608 propere
434 1555 619 1608 collegit
633 1556 899 1606 exercitum,
909 1561 954 1597 et
966 1556 1318 1597 transmarinam
1331 1555 1469 1597 etiam

206 1620 403 1674 profusis
436 1621 673 1673 stipendiis
708 1622 950 1663 accersivit
979 1622 1204 1672 militiam,
1235 1622 1368 1676 cujus
1398 1626 1468 1662 ta-

209 1685 347 1728 men'4
362 1686 610 1728 adventum
633 1686 768 1729 homo
790 1687 992 1728 fervidus
1006 1692 1052 1728 et
1068 1700 1206 1728 morae
1227 1687 1470 1741 impatiens

208 1752 392 1793 minime
434 1752 801 1806 praestolabatur,
834 1753 914 1794 sed
949 1753 1183 1794 civitatem
1223 1752 1470 1794 Lincolniae

207 1831 308 1859 cum
339 1818 602 1870 ingentibus
627 1819 770 1871 copiis
795 1818 1031 1872 ingressus
1052 1831 1200 1860 arcem
1226 1819 1471 1871 pertinaci-

208 1889 276 1925 ter
305 1883 499 1933 obsedit,
527 1889 573 1925 et
601 1884 894 1926 conficiendis
926 1897 1028 1925 cum
1058 1884 1347 1925 festinatione
1376 1897 1473 1925 ma-

207 1949 350 1991 chinis
372 1954 690 2003 sumptuosum
712 1950 916 1992 laborem
935 1950 1171 2003 impendit.
1242 1950 1361 1991 Sane
1394 1950 1473 1991 illo

207 2016 329 2057 circa
350 2016 598 2057 obsidionis
623 2016 858 2069 negotium
882 2016 947 2058 sic
969 2021 1210 2069 occupato,
1235 2015 1265 2057 J
1270 2015 1473 2057 ohannes

209 2094 312 2122 cum
356 2081 451 2124 suis
495 2094 632 2135 super
677 2081 954 2123 munitiones
1002 2082 1152 2134 regias
1196 2082 1372 2123 scilicet
1417 2082 1473 2123 de

210 2146 495 2199 Notingham
526 2151 572 2187 et
598 2146 771 2187 Tikhill
796 2147 1071 2200 improvisus
1104 2148 1265 2198 irruit3
1302 2160 1472 2201 easque
1491 2166 1590 2191 Prince
1603 2166 1678 2190 John

1489 2199 1570 2229 gains
1583 2206 1690 2230 posses-

208 2213 318 2254 viris
364 2217 410 2253 et
451 2212 726 2253 victualibus
765 2225 928 2265 parum
974 2213 1175 2253 munitas
1217 2213 1471 2263 inveniens,
1489 2232 1550 2257 sion
1564 2232 1653 2256 orme

206 2278 333 2320 bidui
350 2279 535 2331 negotio
548 2278 898 2332 comprehendit.
962 2278 1094 2319 Tunc
1110 2284 1341 2319 crescente
1357 2278 1471 2319 fidu·
1488 2265 1677 2336 Qsstssissgifm

208 2345 279 2385 cia
320 2345 518 2397 superbo
559 2344 854 2385 denunciavit
891 2344 1119 2385 obsessori
1152 2348 1204 2384 ut
1242 2343 1315 2384 vel
1351 2343 1472 2385 obsi·
1490 2331 1546 2356 ⁸¹¹⁶
1559 2330 1690 2355 T¹⁰k¹¹'¹¹'

207 2409 341 2450 dione
363 2409 515 2450 soluta
543 2409 789 2459 recederet,
819 2410 891 2450 vel
920 2414 1042 2450 certe
1074 2422 1124 2449 se
1153 2409 1210 2449 ad
1241 2408 1472 2462 excipien-

207 2475 314 2515 dum
336 2475 436 2528 ers
454 2475 674 2528 impetum
690 2476 735 2516 in
752 2475 963 2528 proximo
981 2475 1160 2515 cautius
1176 2481 1474 2528 praepararet,

258 2649 264 2667 ¹
291 2650 300 2667 ‘
313 2654 350 2682 ut
366 2649 570 2691 singularis‚'
589 2651 666 2682 MS.
684 2650 807 2682 Lansd.
905 2648 918 2667 ³
941 2649 950 2666 ‘
965 2650 1171 2691 Glamvilla,’
1188 2651 1263 2683 MS.
1281 2651 1405 2684 Lansd.

255 2694 268 2713 ²
291 2698 491 2737 ‘inquietam
516 2695 610 2738 agit,’
634 2697 710 2729 MS.
735 2697 823 2728 Cott.

209 2743 284 2775 Tib.
907 2740 920 2759 ⁴
946 2742 1097 2775 Omitted
1114 2743 1147 2774 in
1165 2743 1240 2776 MS.
1257 2743 1343 2776 Con.
1361 2744 1455 2776 Arm.
