1866 3186
206 384 304 415 Hem-y
316 383 358 409 11.

194 418 274 442 A.D.
290 417 363 442 1155.

182 972 278 1003 Henry
289 978 330 996 re-

178 1011 275 1030 covers
292 1004 341 1029 the

179 1044 272 1063 crown
289 1037 380 1063 lands.

178 1821 300 1846 William
314 1821 380 1846 Eat]

180 1855 211 1879 os
220 1855 380 1880 Albemarle

177 1888 297 1912 delivers
309 1894 347 1919 up

177 1921 226 1946 the
238 1921 324 1946 castle
336 1921 367 1946 of

177 1954 379 1986 scarborough.

397 257 455 299 82
887 270 1165 301 cinzomcon

399 373 649 428 majoribus
671 371 927 426 ‘negotiis’¹
950 386 1136 426 operam
1159 373 1332 426 regiam
1352 371 1656 426 impendebat.

400 438 594 490 Quoties
626 451 736 480 vero
771 451 800 479 a
834 438 1027 480 subditis
1069 443 1228 480 contra
1266 439 1446 492 iniquos
1478 437 1658 492 judices

399 504 681 558 pulsabatur,
727 516 835 545 mox
891 504 1163 557 provisionis
1212 505 1351 557 regiae
1407 503 1656 544 remedium

399 570 660 620 adhibebat,
703 569 884 611 illorum
936 569 1261 622 negligentiam
1310 570 1542 622 corrigens
1584 567 1658 609 vel

398 648 654 677 excessum.
722 635 858 676 Talia
880 635 989 676 novi
1009 635 1224 689 principis
1246 635 1379 676 initia
1400 634 1541 684 fuere,
1560 640 1657 675 stu-

397 702 608 755 pentibus
629 701 860 755 improbis,
883 701 1309 754 congratulantibus
1330 699 1546 755 pacificis.

583 851 785 900 Quomodo
807 852 1013 894 dominica
1034 853 1165 909 Reqia
1187 852 1496 908 redintoyravit.

466 959 771 1002 Considerans
813 965 978 1002 autem,
1006 973 1087 1001 rex
1133 960 1254 1014 quod
1297 961 1411 1014 regii
1455 960 1658 1002 redditus

398 1031 444 1067 et
465 1026 691 1067 dominica
711 1040 792 1080 per
811 1026 1044 1068 mollitiem
1065 1027 1187 1079 regis
1212 1026 1431 1080 Stephani
1452 1026 1511 1067 ad
1538 1027 1655 1068 mul-

397 1096 469 1133 tos
496 1091 596 1146 jam
626 1091 833 1133 dominos
867 1091 1172 1141 devenissent,
1209 1093 1428 1145 praecepit
1459 1105 1515 1134 ea
1554 1106 1657 1134 cum

397 1158 520 1198 omni
548 1158 825 1210 integritate,
851 1157 970 1199 infra
999 1162 1179 1211 tempus
1209 1162 1397 1208 certum,
1421 1171 1450 1200 a
1470 1159 1656 1211 quibus-

397 1236 576 1277 cunque
589 1223 919 1274 detentoribus,
933 1224 1171 1277 resignari,
1188 1228 1233 1265 et
1248 1223 1295 1264 in
1304 1224 1383 1278 jus
1395 1228 1657 1278 statumque

397 1290 638 1343 pristinum
679 1290 913 1332 revocari:
958 1290 1142 1343 quidam
1178 1303 1288 1331 vero
1323 1290 1467 1331 indies
1506 1295 1656 1332 cartas

397 1356 518 1408 regis
556 1355 777 1409 Stephani
811 1355 1126 1410 protulerunt3
1172 1356 1337 1409 quibus
1373 1356 1459 1397 fuit
1491 1369 1519 1397 a
1548 1370 1656 1409 rege

396 1435 663 1475 responsum
682 1422 805 1476 quod
834 1427 974 1463 cartae
1003 1422 1226 1463 invasoris
1257 1422 1570 1476 praejudicium
1591 1422 1656 1464 le·

395 1488 543 1540 gitimi
562 1488 780 1542 principis
799 1488 981 1529 minime
995 1488 1144 1529 facere
1162 1488 1429 1530 debuerunt.
1499 1488 1655 1530 Primo

395 1566 504 1607 ergo
524 1553 762 1607 indignati,
787 1553 948 1595 deinde
977 1555 1122 1595 territi
1152 1559 1198 1596 et
1221 1554 1515 1603 consternati,
1535 1566 1657 1607 aegre

395 1619 578 1672 quidem
602 1620 681 1661 sed
705 1625 857 1661 tamen
885 1620 1074 1673 integre,
1105 1624 1326 1673 usurpata
1353 1620 1655 1673 resignarunt.

397 1684 605 1738 Cumque
635 1685 727 1726 fere
760 1698 917 1727 omnes
951 1686 1090 1739 regiae
1120 1686 1347 1727 voluntati
1382 1686 1655 1739 paruissent,

395 1764 478 1792 rex
512 1751 957 1793 Transhumbrianas
998 1757 1152 1805 partes
1193 1752 1322 1802 adiit,
1359 1752 1438 1793 ubi
1474 1752 1654 1794 Willel-

395 1830 519 1858 mum
539 1818 752 1859 comitem
787 1816 1200 1859 Albemarlensem²
1224 1818 1382 1859 eadem
1413 1831 1505 1872 qua
1534 1823 1654 1860 cete-

396 1896 471 1923 ros
495 1883 768 1924 auctoritate
788 1884 1016 1926 convenit.
1088 1883 1174 1924 Ille
1196 1897 1304 1925 vero
1333 1885 1411 1925 diu
1437 1884 1654 1925 haesitans

396 1948 681 2002 multumque
702 1953 918 1999 aestuans,
940 1949 1122 1990 tandem
1145 1949 1279 1990 corde
1295 1950 1479 1991 saucius
1500 1955 1653 2003 potes-

395 2014 482 2055 tati
511 2015 766 2065 succubuit,
797 2020 844 2056 et
863 2027 1149 2068 quaecunque
1180 2028 1239 2056 ex
1268 2016 1395 2069 regio
1426 2015 1653 2057 dominico

395 2080 602 2134 pluribus
616 2080 715 2134 jam
737 2080 868 2122 annis
892 2081 1156 2135 possederat
1177 2094 1280 2122 cum
1298 2081 1473 2135 ingenti
1496 2081 1652 2123 dolore

395 2146 662 2199 resignavit,
692 2147 891 2189 maxime
921 2147 1144 2189 famosum
1174 2147 1287 2188 illud
1317 2153 1363 2189 et
1384 2146 1534 2189 nobile
1556 2160 1654 2188 cas·

395 2216 516 2253 trum
539 2212 661 2266 quod
677 2212 842 2254 dicitur
856 2212 1243 2266 Skarcheburgh,³
1263 2214 1385 2266 quod
1408 2214 1456 2255 in
1476 2226 1654 2255 summo

396 2278 631 2331 planitiem
644 2278 781 2320 habet
794 2283 806 2301 ‘
815 2278 1106 2333 spaciosam’⁴
1117 2279 1360 2332 plusquam
1374 2283 1388 2302 ‘
1398 2277 1656 2333 LX.’⁵juge-

395 2349 567 2394 rum,et
580 2344 847 2387 fonticulum
861 2358 994 2398 aquae
1009 2345 1124 2387 vivae
1133 2358 1191 2386 ex
1207 2358 1323 2387 saxo
1340 2344 1653 2398 profluentem.

397 2409 537 2452 Hunc
567 2411 718 2452 locum
749 2416 1024 2453 memoratus
1054 2423 1220 2461 comes,
1243 2424 1345 2452 cum
1375 2412 1423 2452 in
1452 2411 1655 2453 Eborum

444 2523 453 2543 ¹
485 2526 621 2558 ‘causis
658 2530 692 2558 et
727 2526 894 2567 negotiis‚'
933 2526 1007 2558 MS.
1044 2526 1191 2557 William
1204 2525 1235 2557 le
1248 2525 1336 2558 Gros
1348 2526 1534 2557 succeeded
1546 2528 1579 2556 to
1589 2525 1655 2556 this

396 2572 522 2604 Lansd.
1043 2573 1191 2604 earldom
1207 2573 1240 2603 in
1258 2575 1354 2610 1126,
1369 2572 1435 2603 and
1450 2572 1529 2603 died
1546 2574 1641 2603 11⁷9.

442 2616 455 2634 ²
476 2618 627 2649 William
654 2619 687 2650 le
716 2618 818 2659 Gros,
841 2619 1007 2659 grandson
1090 2617 1103 2636 ³
1137 2618 1369 2658 Scarborough
1392 2628 1430 2649 or
1452 2617 1656 2657 Scarburgh,

394 2664 432 2694 of
451 2664 527 2695 Odo
544 2665 624 2696 Earl
646 2665 683 2696 of
701 2665 917 2706 Champagne
940 2666 1005 2696 and
1042 2665 1098 2697 the
1113 2667 1203 2696 town
1218 2675 1260 2695 on
1276 2665 1331 2695 the
1346 2673 1421 2695 scan-
1435 2673 1472 2694 or
1486 2663 1566 2694 cliff.

394 2710 611 2749 Holderness,
650 2711 727 2742 who
763 2721 835 2743 was
872 2712 1006 2742 created
1088 2710 1101 2728 ⁴
1123 2712 1133 2728 ‘
1146 2709 1355 2750 speciosam‚'
1367 2709 1442 2740 MS.
1455 2708 1649 2741 Coll.Arm.

394 2755 474 2786 Earl
490 2756 527 2788 of
538 2757 730 2789 Albemarle
748 2758 790 2797 by
809 2757 958 2797 william
975 2757 1005 2790 1.
1087 2756 1101 2775 ⁵
1123 2757 1132 2774 ‘
1147 2757 1213 2788 xl.)
1230 2756 1304 2787 MS.
1321 2755 1409 2788 Cott.
1424 2755 1499 2787 Tib.
