1866 3186
399 241 483 282 170
883 250 1164 282 cunomcon

205 367 364 393 menum.
399 368 481 396 rex
507 355 788 397 Francorum
820 354 866 395 in
898 358 911 376 ‘
931 358 1059 396 arcto
1092 351 1329 404 deficiat‚'¹
1354 357 1400 394 et
1435 366 1527 394 non
1559 357 1660 394 tan-

192 402 364 426 A'D'Hm'
400 425 498 463 tum
551 420 660 461 mihi
704 420 783 461 sed
833 420 969 461 etiam
1021 420 1111 473 ipsi
1160 420 1262 461 Deo
1312 419 1658 461 conventionem

399 486 602 540 frangat,
626 487 776 540 ipsum
801 486 951 527 Deum
972 486 1330 539 omnipotentem
1345 484 1547 539 judicem
1578 484 1659 526 ha·

398 553 506 594 beat
527 556 573 593 et
592 552 787 593 ultorem
807 565 818 603 ;
850 552 898 592 in
915 551 1154 593 voluntate
1175 555 1326 592 autem
1350 551 1470 603 regis
1491 555 1562 592 est
1584 550 1659 591 vel

400 617 608 659 morandi
629 617 701 659 vel
735 617 1028 671 repatriandi,
1059 617 1145 658 soli
1179 621 1332 657 autem
1366 615 1468 657 Deo
1489 616 1660 670 injuria

399 683 492 733 fiet,
514 697 652 736 quam
685 696 768 737 pro
806 695 890 725 suo
924 689 1128 736 tempore
1153 682 1311 736 justus
1340 681 1486 735 judex
1510 682 1659 723 vindi-

398 749 565 790 cabit.’'
636 749 741 790 Rex
764 761 874 802 ergo
895 748 1176 790 Francorum
1205 747 1396 789 audiens
1429 747 1544 797 haec,
1562 760 1659 789 mo-

398 818 473 855 tus
495 815 676 867 quidem
707 819 754 855 et
784 819 923 855 aestus
945 813 1179 855 causando
1203 813 1459 855 molestiam
1480 813 1660 866 publice

398 884 680 932 protestatus
722 884 792 921 est
827 892 880 934 se
921 879 1046 921 illius
1091 885 1225 921 terrae
1274 892 1425 920 aerem
1468 878 1660 920 ulterius

396 946 622 986 sustinere
646 958 737 986 non
759 958 910 999 posse,
941 950 1130 1000 propter
1149 944 1272 999 quod
1291 945 1544 997 repatriare
1565 944 1658 986 dis—

396 1010 566 1062 posuit,
581 1015 626 1051 et
642 1011 727 1052 hoc
746 1010 963 1052 continuo
981 1024 993 1062 3
1016 1011 1137 1064 quod
1155 1010 1416 1052 Christiano
1437 1010 1660 1051 exercitui

397 1075 590 1116 multum
636 1076 883 1129 displicuit,
926 1076 1180 1128 praesertim
1224 1089 1328 1117 cum
1371 1076 1570 1129 plurimi,
1605 1080 1659 1117 ‘et

396 1141 514 1182 sorte
555 1141 723 1191 verius,
773 1142 873 1196 ejus
922 1142 1334 1195 interpretarentur
1375 1141 1656 1193 discessum3

397 1207 632 1248 dicebatur
686 1207 804 1248 enim
855 1208 977 1261 quod
1034 1211 1219 1260 propter
1261 1219 1570 1260 expensarum
1610 1212 1657 1248 et

397 1285 535 1326 opum
569 1273 902 1326 impotentiam,
925 1274 1093 1326 quibus
1113 1273 1211 1326 regi
1233 1271 1417 1324 Angliae
1440 1272 1527 1313 fuit
1548 1277 1657 1314 tunc

398 1339 614 1391 temporis
640 1340 804 1392 impar,
826 1351 916 1379 non
947 1339 1098 1391 potuit
1120 1339 1207 1379 nisi
1230 1338 1366 1390 aegris
1389 1338 1534 1379 oculis
1558 1338 1657 1390 glo-

398 1404 511 1444 riam
558 1405 679 1457 regis
722 1403 911 1444 Ricardi
953 1403 1267 1457 contemplari,
1302 1403 1548 1456 dicensque
1585 1416 1655 1444 se-

398 1474 525 1510 creto
546 1469 641 1509 suis
676 1469 798 1522 quod
829 1469 1044 1522 quicquid
1084 1469 1147 1509 ibi
1184 1468 1322 1509 fiebat
1344 1468 1657 1510 ascribebatur

399 1535 498 1587 regi
534 1534 735 1576 Ricardo
767 1535 814 1575 in
837 1534 985 1575 laudis
1009 1534 1220 1587 gloriam,
1241 1534 1325 1574 sibi
1347 1547 1456 1575 vero
1486 1538 1532 1575 et
1561 1534 1656 1575 suis

181 1613 275 1671 (neam
288 1613 318 1637 or
334 1612 382 1638 the
399 1600 447 1640 in
486 1600 717 1653 opprobrii
763 1600 1113 1652 contumeliam3
1164 1599 1477 1653 applicaverat
1518 1600 1657 1641 etiam

182 1646 324 1704 siffis?
400 1666 602 1706 animum
622 1665 681 1706 ad
705 1666 972 1706 comitatum
1010 1665 1337 1706 Flandrensem
1358 1670 1468 1706 tunc
1490 1678 1657 1707 vacan-

400 1735 517 1779 tem3
551 1744 703 1772 comes
732 1732 853 1772 enim
891 1729 1154 1785 Philippus²
1176 1743 1339 1784 parum
1360 1735 1467 1772 ante
1490 1731 1655 1772 ibidem

398 1797 487 1848 piae
525 1797 701 1838 militiae
736 1808 899 1837 munus
934 1796 1217 1849 expleverat.
1289 1796 1392 1837 Rex
1427 1810 1536 1838 vero
1573 1797 1655 1838 Ri-

398 1862 564 1903 cardus
638 1866 826 1915 propter
891 1862 1181 1915 supradictas
1233 1862 1534 1903 dissentiones
1584 1876 1655 1903 re·

397 1932 568 1977 centes,
604 1927 660 1968 de
702 1927 1021 1968 benevolentia
1057 1927 1201 1980 ipsius
1244 1928 1406 1968 merito
1449 1927 1655 1969 diffidens

398 2004 550 2033 coram
587 1993 697 2033 viris
736 1992 969 2033 honoratis
1001 1993 1156 2044 exegit
1188 1993 1455 2046 accepitque
1478 1994 1654 2035 cautio-

399 2070 501 2098 nem
526 2059 647 2110 quod
683 2057 769 2098 sibi
799 2063 846 2099 et
877 2057 1134 2099 hominibus
1158 2058 1253 2098 suis
1286 2070 1431 2111 usque
1465 2059 1522 2099 ad
1552 2059 1652 2101 red-

397 2123 543 2164 ditum
563 2136 696 2163 suum
719 2123 905 2164 omnino
928 2127 1131 2164 maneret
1153 2123 1384 2165 innoxius.
1447 2124 1655 2179 Cumque

398 2200 560 2229 navem
607 2189 930 2230 conscenderet
975 2194 1021 2230 et
1063 2188 1244 2238 abiret,³
1278 2191 1497 2244 praecepit
1533 2191 1654 2232 clan-

396 2254 548 2294 culum
583 2255 738 2295 comiti
776 2254 1042 2307 Campaniae
1079 2259 1126 2296 et
1157 2254 1262 2295 duci
1295 2255 1576 2308 Burgundiae
1607 2261 1654 2298 et

396 2319 497 2360 aliis
532 2333 591 2360 ex
630 2320 871 2361 devotione
910 2325 1014 2372 post
1050 2332 1153 2360 eum
1188 2322 1543 2371 remanentibus,
1576 2323 1655 2375 qui

395 2390 582 2438 propter
605 2386 928 2426 conscientiam
951 2390 997 2426 et
1018 2386 1126 2426 vitae
1147 2385 1379 2427 infamiam
1403 2388 1654 2440 repatriare

443 2532 451 2550 ¹
482 2534 590 2565 ‘arcto
605 2535 739 2567 deficiat
758 2534 913 2575 negot10‚'
930 2535 1005 2567 MS.
1041 2535 1141 2575 Aere,
1171 2545 1213 2566 ou
1251 2536 1420 2575 Saturday
1450 2536 1506 2568 the
1540 2539 1590 2568 lst
1619 2537 1657 2568 of

394 2579 482 2611 Cott.
497 2581 573 2611 Tib.
1040 2582 1130 2614 June
1149 2584 1243 2612 1191.

1087 2625 1100 2645 ³
1124 2628 1215 2667 King
1246 2627 1361 2666 Philip
1385 2627 1545 2667 departed
1569 2627 1651 2658 from

439 2669 452 2686 ²
477 2671 591 2711 Philip
617 2672 654 2703 of
675 2673 812 2711 Alsace,
839 2673 949 2704 Count
973 2673 1011 2704 of
1041 2673 1094 2704 the
1122 2673 1213 2712 Holy
1232 2673 1338 2711 Laud,
1364 2673 1454 2713 Aug.
1480 2676 1530 2704 lst
1557 2675 1652 2713 1191,

396 2716 568 2757 Flanders,
594 2718 673 2749 died
704 2722 739 2749 at
771 2719 825 2750 the
854 2720 944 2759 siege
971 2719 1010 2750 of
1042 2720 1119 2750 Nic.
1133 2719 1258 2750 Trivet.
1274 2721 1348 2749 130.
