1866 3186
220 275 308 316 346
721 280 978 314 Lsscwoan
1009 283 1182 314 VARIAE.

222 379 297 402 PAG.
348 378 418 401 uu.
468 377 657 401 RXEMPLAR.
894 375 1154 399 flEfflNGBURGn.

223 418 319 469 267,
340 420 407 470 24,
422 424 518 474 post
533 418 683 461 obitum
751 423 856 471 post
871 423 1082 459 mortem.

419 484 551 540 ipsius

219 588 285 595 --
337 563 406 612 25,
428 562 465 603 ei
473 561 613 616 fuerit
745 561 804 603 sit
827 562 882 602 ei.

219 662 284 669 —
335 639 403 689 29,
425 638 530 681 siout
749 639 997 680 secundum
1019 638 1157 692 quod.

220 741 286 749 —
336 716 403 766 30,
426 728 544 758 suum
749 715 891 758 deest..

219 818 287 826 —-
334 793 404 843 31,
426 798 560 835 autem
753 793 906 834 etiam.

222 870 319 918 268,
364 871 404 919 4,
417 869 554 924 faciet
755 870 909 912 faciat.

219 971 285 979 —-
363 945 403 996 7,
422 959 514 987 vero
749 946 867 988 deest.

219 1048 287 1056 —-
363 1024 406 1072 8,
427 1035 497 1064 uec
518 1022 725 1064 redditum
755 1023 829 1065 vel
850 1022 1048 1064 reditum
1072 1024 1284 1078 alicujus.

222 1121 282 1130 ——
365 1100 406 1149 9,
493 1097 685 1141 debitoris
752 1099 1009 1141 debitorum
1029 1100 1276 1154 praesentia
1296 1099 1541 1141 sufficiunt.

411 1165 633 1220 praeseutia

419 1230 626 1284 sufficiant

220 1333 288 1342 -
338 1309 406 1359 10,
430 1307 525 1349 iude
566 1308 684 1350 satis·
754 1313 766 1331 ‘
784 1309 841 1350 ad
865 1309 969 1351 inde
989 1309 1390 1351 satisfaciendum?
1405 1309 1416 1330 ¹

411 1373 557 1428 facere
1230 1390 1233 1391 ⁷

220 1475 287 1483 -
340 1452 409 1500 12,
433 1450 610 1504 sufficiat
756 1449 937 1492 sufficit.

219 1553 286 1561 —-
337 1529 404 1577 15,
419 1526 553 1583 pleyii
754 1527 894 1580 plegii
914 1528 1000 1569 sui.

218 1629 286 1638 -
337 1603 405 1653 16,
418 1617 503 1658 pro
751 1602 822 1645 de.

219 1704 286 1710 —
335 1681 403 1729 21,
425 1679 619 1735 antiquas
753 1678 871 1721 deest.

219 1780 286 1787 —-
333 1757 406 1805 32,
427 1756 518 1798 Nos
540 1754 604 1797 vel
753 1755 855 1798 Nos
878 1770 988 1800 vero
1012 1758 1100 1800 vel.

222 1833 318 1883 269,
365 1833 406 1881 1,
427 1832 628 1874 mittemus
754 1833 906 1876 mittet
921 1834 1200 1888 justitiarios
1221 1840 1416 1876 nostros.

409 1897 668 1952 justitiarios

219 1998 285 2007 —
358 1974 686 2025 &comitatuum
755 1974 1018 2025 comitatus,
1041 1975 1278 2016 comitatu.

419 2037 677 2081 comitatibus

220 2139 285 2146 -
364 2118 406 2164 4,
428 2115 502 2157 iilo
753 2114 927 2156 eodem.

219 2216 286 2222 —
337 2195 405 2243 14,
426 2191 498 2234 sed
751 2190 854 2232 nisi.

219 2293 285 2299 —
335 2269 404 2320 26,
428 2268 581 2310 laicum
629 2274 682 2310 te·
750 2268 919 2309 laicum
954 2267 1136 2310 feodum
1174 2281 1307 2310 suum
1343 2269 1416 2310 vel
1456 2274 1687 2311 tenemen-

420 2339 645 2376 raemeutwm
780 2338 890 2375 tum.

418 2413 537 2441 suum

222 2499 283 2506 -—
337 2477 404 2526 28,
427 2475 540 2517 homo
754 2475 868 2516 liber
889 2475 1039 2516 homo.

222 2575 286 2582 —
336 2553 404 2601 29,
423 2551 482 2592 ad
496 2551 686 2606 riparius
755 2555 767 2573 ‘
787 2557 869 2592 aut
891 2551 1038 2605 ripas’
1053 2549 1067 2572 ²
1094 2552 1181 2593 nisi
1207 2553 1286 2605 qui
1308 2553 1380 2593 ab.

419 2617 503 2658 uisi
519 2616 592 2672 qui
609 2630 657 2658 ex

310 2757 319 2776 ¹
344 2760 354 2778 ‘
366 2760 443 2791 inde
460 2760 678 2801 satisfacere,’
694 2760 770 2794 MS.
788 2760 913 2792 Lansd.
982 2758 988 2803 Ι
1056 2757 1068 2775 ²
1091 2760 1101 2777 ‘
1113 2760 1157 2791 ad
1173 2759 1340 2799 riparias,’
1357 2759 1432 2792 MS.
1449 2760 1573 2791 Lansd.
