1866 3186
429 245 518 286 314
917 257 1191 288 cunomcon

231 368 403 426 ff'e3w1111
432 359 711 401 obsidionem
746 358 872 400 illam
920 358 1082 411 fregit·
1127 358 1321 411 indeque
1363 360 1565 412 perrexit
1607 371 1688 399 rex

215 456 272 481 aud
285 456 363 482 Tun
432 424 554 478 apud
575 425 868 476 Tunebruge,
896 428 943 464 et
969 423 1145 464 reddito
1172 424 1214 464 ei
1245 429 1397 465 castro
1433 437 1534 465 cum
1564 423 1689 472 villa,

214 489 321 521 mage.
431 490 553 542 cepit
574 490 740 530 ibidem
765 488 1042 529 comitissam
1074 487 1377 530 Gloucestriae
1408 494 1454 530 et
1485 502 1587 530 eam
1607 501 1689 541 po-

430 554 524 596 suit
544 555 591 595 in
615 555 816 603 abbatia,
840 566 930 594 non
951 553 1293 594 custodiendam
1317 554 1498 606 quidem
1529 554 1607 594 sed
1638 558 1690 594 ut

431 620 578 660 abiret
598 619 737 661 libere
758 632 849 672 quo
865 618 1029 669 vellet3
1061 618 1334 672 reliquitque
1355 618 1413 660 ad
1435 619 1687 660 custodiam

431 685 572 726 castri
614 689 660 726 et
704 685 829 726 urbis
868 696 1084 736 magnam
1112 688 1286 737 partem
1329 684 1400 725 sui
1443 684 1688 733 exercitus,

430 750 675 803 plusquam
709 760 802 791 xx.
832 749 1096 791 vexillarios
1123 749 1310 798 electos,
1331 761 1385 790 eo
1410 748 1532 802 quod
1565 761 1687 790 com-

430 815 627 856 muniter
668 814 896 855 diceretur
935 814 1057 867 quod
1095 826 1246 854 comes
1285 813 1588 855 Gloucestriae
1630 813 1688 855 ad

429 880 787 932 expugnandum
834 891 912 921 eos
951 880 1000 919 in
1042 879 1251 932 proximo
1291 879 1549 920 adveniret:
1597 892 1688 932 quo

430 944 554 985 facto
570 945 657 985 iter
676 945 909 997 inceptum
922 944 1208 985 continuavit
1222 956 1366 996 usque
1381 943 1686 997 Wynchelsee

430 1009 509 1049 ubi
529 1009 800 1050 marinarios
826 1009 882 1050 de
907 1008 1139 1049 Portubus
1162 1010 1335 1061 recepit
1357 1009 1415 1049 ad
1440 1012 1453 1030 ‘
1470 1007 1683 1061 pacem,'¹

430 1079 477 1115 et
497 1086 601 1115 cum
627 1074 691 1115 eis
715 1074 848 1126 plene
870 1073 1172 1114 concordatus
1195 1078 1280 1114 est.
1351 1073 1468 1114 Post
1487 1074 1687 1114 triduum

430 1144 585 1180 autem
616 1151 827 1191 egressus
849 1151 877 1179 a
896 1139 998 1179 loco
1017 1138 1097 1179 illo
1119 1138 1244 1179 venit
1271 1138 1319 1178 in
1339 1139 1550 1191 sequenti
1571 1139 1686 1179 Sab-

429 1205 538 1245 bato
561 1204 618 1245 ad
642 1204 796 1246 villam
820 1204 876 1244 de
912 1203 1088 1253 Lewes,
1119 1208 1165 1245 et
1191 1207 1400 1257 receptus
1431 1208 1502 1244 est
1527 1217 1611 1244 rex
1640 1204 1686 1244 in

429 1270 630 1318 abbatia,
651 1269 769 1310 filius
793 1273 946 1310 autem
981 1268 1081 1322 ejus
1100 1269 1148 1308 in
1168 1273 1347 1310 castro:
1378 1269 1558 1309 interim
1582 1270 1687 1310 mit-

214 1347 347 1378 Monday,
428 1335 588 1375 tebant
618 1332 800 1375 literas²
822 1334 877 1374 ad
910 1346 1063 1386 regem
1087 1334 1282 1374 barones
1307 1344 1397 1375 ΧΠ.
1421 1333 1594 1374 scilicet
1613 1334 1685 1375 die

215 1381 337 1411 M⁸y¹²'
429 1402 443 1421 ‘
461 1398 633 1448 Maii,'³
662 1399 979 1439 excusatorias
1001 1403 1047 1439 et
1072 1398 1442 1439 comminatorias
1473 1398 1519 1438 in
1540 1405 1687 1452 parte,

428 1464 628 1504 dicentes
664 1476 713 1504 se
749 1463 790 1503 ei
825 1463 1042 1503 honorem
1074 1462 1192 1504 velle
1229 1467 1453 1515 quantum
1488 1463 1546 1503 ad
1582 1477 1685 1516 per-

428 1541 589 1569 sonam
611 1532 657 1569 et
679 1532 851 1569 statum
877 1527 1127 1580 proprium,
1149 1527 1353 1568 homines
1374 1533 1527 1568 tamen
1548 1541 1684 1581 quos·

427 1593 532 1633 dam
571 1605 686 1646 quos
726 1605 880 1633 secum
916 1596 1126 1633 tenuerat
1159 1593 1378 1645 impetere
1413 1593 1529 1634 velle
1559 1594 1685 1636 velut

428 1658 582 1699 hostes
604 1657 827 1711 publicos,
848 1657 1105 1710 ubicunque
1127 1657 1439 1699 invenirentur
1469 1659 1515 1699 in
1547 1664 1682 1700 terra.

428 1721 493 1764 At
533 1723 611 1764 ille
654 1722 987 1763 communicato
1027 1722 1216 1763 consilio
1249 1724 1482 1776 rescripsit
1521 1725 1601 1773 eis,
1639 1730 1686 1765 et

427 1789 655 1841 praecipue
682 1788 858 1828 duobus
880 1788 1120 1828 comitibus
1145 1787 1404 1829 Leicestriae
1429 1791 1442 1810 ‘
1461 1793 1507 1830 et
1539 1788 1683 1830 Glou-

428 1852 665 1902 cestriae,'4
696 1865 894 1905 arguens
924 1865 1002 1893 eos
1032 1852 1087 1893 de
1117 1853 1293 1894 damnis
1317 1854 1404 1894 sibi
1435 1854 1591 1904 illatis,
1614 1855 1682 1895 in-

428 1919 616 1968 cendiis,
648 1922 694 1958 et
724 1918 910 1970 rapinis,
932 1921 977 1957 et
1006 1917 1127 1970 quod
1158 1930 1240 1970 per
1263 1930 1340 1958 eos
1369 1919 1416 1958 in
1447 1923 1571 1959 terra
1600 1933 1685 1961 sua

427 1996 596 2035 guerra
631 1987 757 2022 mota
793 1987 890 2032 est3
922 1981 1141 2035 adjiciens
1177 1983 1299 2035 quod
1334 1982 1537 2024 homines
1568 1997 1684 2037 quos

427 2060 622 2099 gravare
651 2046 891 2087 voluerant
920 2059 998 2088 eos
1034 2051 1254 2100 tanquam
1287 2047 1444 2089 fideles
1474 2061 1581 2089 suos
1613 2063 1683 2090 re-

426 2117 596 2165 putans
620 2125 701 2165 pro
722 2124 857 2165 posse
885 2111 1146 2153 defenderet
1176 2117 1223 2154 et
1253 2113 1481 2163 liberaret,
1502 2114 1687 2167 insuper

427 2182 474 2218 et
493 2178 684 2231 injurias
706 2177 770 2217 eis
789 2177 943 2218 illatas
967 2181 1184 2230 tanquam
1214 2179 1422 2231 proprias
1455 2180 1684 2220 emendari

428 2242 598 2284 faceret
613 2247 659 2283 et
679 2255 761 2295 pro
783 2246 987 2295 tempore
1001 2242 1246 2296 judicaret.
1317 2243 1495 2294 Quibus
1516 2245 1683 2286 auditis

427 2308 861 2360 appropinquabant
894 2307 1009 2359 regi,
1032 2320 1121 2348 non
1152 2309 1273 2349 enim
1304 2308 1538 2350 distabant
1566 2310 1682 2350 mul-

213 2383 307 2407 nattle
319 2382 350 2408 or
427 2376 526 2412 tum
550 2385 578 2413 a
608 2372 708 2413 loco
743 2372 822 2412 illo
857 2372 936 2424 qui
967 2371 1132 2413 dicitur
1164 2373 1350 2421 Lewes;
1383 2375 1581 2428 dumque
1611 2388 1680 2416 re-

213 2416 319 2446 Lewes‚

212 2448 398 2512 ffiffiisday.
426 2437 605 2489 galibus
626 2437 851 2490 foragium
874 2436 1128 2487 defecisset,
1149 2443 1428 2492 praeceptum
1450 2445 1520 2481 est
1540 2440 1587 2480 in
1610 2440 1682 2481 die

474 2566 481 2585 ¹
506 2567 517 2585 ‘
528 2568 681 2607 partem‚’
697 2567 771 2598 MS.
790 2567 878 2599 Cott.
892 2567 967 2599 Tib.

474 2612 488 2631 ²
506 2614 576 2644 The
603 2614 735 2644 baron's
764 2613 862 2644 letter
888 2614 954 2644 and
983 2613 1038 2644 the

425 2659 537 2698 king’s
574 2668 705 2690 answer
739 2668 795 2690 are
835 2659 967 2698 printed
1005 2660 1038 2689 in

426 2705 562 2745 Rymer,
577 2705 734 2744 Foedera,
750 2705 772 2736 i.
789 2706 863 2737 440.

1118 2590 1131 2610 ³
1153 2590 1319 2632 martii:
1336 2593 1411 2625 Ms.
1429 2594 1554 2626 Lansd.

1117 2682 1128 2701 ⁴
1153 2684 1303 2715 Omitted
1323 2685 1357 2715 in
1374 2685 1450 2718 MS.
1466 2685 1554 2717 Coll.
1571 2686 1665 2716 Arm.
