1866 3186
398 234 486 276 250
887 246 1165 279 cunorucon

241 360 327 386 John·
398 362 510 402 ergo
537 362 618 391 rex
653 354 700 392 et
729 350 924 391 barones
947 350 1053 405 jugi
1074 351 1303 393 discordia
1335 351 1662 405 disceptarent,

199 394 364 419 ‘mmm'
397 415 671 469 quandoque
724 421 879 470 partes
931 417 1233 470 aequabantur
1283 421 1297 440 ‘
1319 417 1621 471 quandoquc’
1644 416 1657 437 ¹

397 480 727 534 ‘praestabat’2
769 480 1002 532 ‘altera,'³
1042 482 1238 536 fortunae
1286 487 1440 524 tamen
1486 487 1498 505 ‘
1516 483 1659 523 mobi-

395 546 614 589 litatem'⁴
633 551 859 602 quantum
890 547 949 589 ad
983 548 1177 590 exitium
1207 548 1442 602 singulare
1476 548 1657 602 experti

397 625 490 654 non
534 619 644 654 sunt
672 613 825 667 quoad
861 613 1041 655 omnia:
1073 618 1168 655 tres
1191 627 1302 655 vero
1335 614 1540 664 comites,
1571 614 1658 655 sci-

397 677 506 720 licet
534 678 742 730 Cestriae,
772 677 1084 730 Albemarliae,
1116 685 1163 721 et
1192 679 1249 721 de
1272 678 1548 733 Warrewyk
1579 680 1659 720 ob-

396 743 613 787 sederunt
641 745 821 787 interim
838 744 1043 787 Montcm
1070 741 1316 787 Sorellum⁵
1335 758 1418 798 per
1442 755 1526 786 vu.
1547 744 1657 786 heb-

397 809 632 860 domadas,
667 815 714 852 et
747 811 1174 864 supervenientibus
1213 811 1463 852 baronibus
1511 823 1661 852 seces-

396 880 554 917 serunt
586 889 733 930 usque
765 876 1083 931 Notyngham,
1110 877 1188 918 ubi
1221 882 1501 930 congregato
1526 889 1658 918 exer-

182 942 299 980 mneoin
313 955 367 980 and
396 940 492 982 citu
525 947 827 994 perrexerunt
854 942 959 983 inde
985 942 1286 992 Lincolniam,
1313 942 1555 996 junctique
1588 955 1659 983 re-

178 988 369 1047 5333}ssng
395 1005 578 1058 galibus
629 1007 709 1060 qui
758 1007 927 1048 ibidem
976 1007 1182 1058 aderant,
1228 1013 1431 1050 castrum
1480 1008 1659 1049 fortiter

180 1054 316 1118 ἷῗέοἱῖῗω
394 1071 616 1113 machinis
648 1072 811 1125 ligneis
845 1078 1251 1126 oppugnaverunt:
1285 1073 1407 1127 quod
1442 1086 1546 1115 cum
1579 1074 1659 1115 do-

395 1137 519 1179 mina
561 1138 608 1179 N
613 1127 817 1180 icholaa6
862 1139 1090 1192 quondam
1130 1139 1302 1193 domini
1355 1139 1552 1181 Gerardi
1602 1139 1659 1180 de

394 1205 408 1224 ‘
427 1201 698 1257 Canevyle'⁷
720 1205 799 1245 diu
819 1217 921 1246 cum
954 1205 1049 1246 suis
1072 1205 1352 1246 validissime
1371 1205 1658 1254 defendisset,

393 1268 442 1309 in
477 1268 568 1310 fine
599 1274 754 1311 tamen
789 1270 1129 1324 praevaluerunt
1160 1271 1355 1324 regales,
1387 1275 1433 1312 et
1469 1271 1658 1312 obtenta

394 1334 589 1377 victoria
612 1336 833 1388 quosdam
870 1349 930 1377 ex
966 1336 1210 1377 baronibus
1235 1337 1314 1389 qui
1344 1336 1512 1377 ibidem
1548 1336 1655 1377 ade-

366 1406 500 1442 'rant
542 1400 696 1453 gladio
738 1406 1042 1454 peremerunt,
1074 1406 1121 1442 et
1162 1402 1385 1455 quosdam
1426 1401 1658 1443 abduxere

394 1466 620 1519 captivos,
663 1465 896 1508 civitatem
942 1467 1091 1520 ipsam
1131 1467 1398 1521 spoliantes,
1445 1472 1492 1508 et
1534 1467 1658 1509 cives

394 1532 540 1585 ipsius
574 1532 622 1572 in
659 1532 973 1586 captivitatem
1006 1532 1290 1584 redigentes:
1322 1532 1491 1585 vulgus
1520 1533 1658 1574 etiam

394 1597 597 1651 ignobile
617 1602 663 1639 et
686 1597 767 1638 filii
804 1597 954 1639 Belial
984 1599 1041 1639 de
1075 1598 1265 1639 matrice
1299 1598 1504 1640 ecclesiae
1536 1598 1656 1639 fece-

394 1667 503 1704 runt
536 1663 783 1713 stabulum,
817 1663 1159 1706 introducentes
1194 1676 1336 1717 equos
1370 1668 1416 1705 et
1445 1663 1657 1718 pecudes,

393 1733 440 1770 et
464 1742 556 1770 non
575 1735 786 1771 verentes
815 1730 893 1771 sed
928 1729 1225 1783 deturpantes
1247 1742 1451 1784 praesepe
1473 1730 1658 1771 Domini

392 1794 479 1836 sui.
563 1794 742 1846 Quibus
780 1796 847 1837 ita
887 1796 1086 1850 peractis
1126 1801 1428 1849 perrexerunt
1477 1796 1657 1849 regales

392 1873 497 1901 cum
532 1861 728 1913 captivis
751 1862 847 1902 suis
881 1861 939 1903 ad
976 1861 1182 1902 Montcm
1216 1861 1456 1911 Sorellum,
1478 1866 1524 1903 et
1553 1874 1655 1903 cas-

395 1930 515 1966 trum
546 1926 659 1966 illud
691 1926 919 1967 deditione
940 1931 1176 1979 ceperunt,
1199 1927 1484 1969 Wintoniam
1516 1928 1655 1968 etiam

392 2003 496 2031 cum
517 1995 670 2032 castro
693 1996 739 2032 et
761 1992 984 2045 quasdam
1008 1991 1123 2033 alias
1143 1992 1417 2033 munitiones
1438 1993 1485 2033 in
1506 1994 1656 2046 patria

391 2055 546 2097 ‘illa'8
565 2056 722 2109 adepti
753 2062 875 2106 sunt,
906 2058 953 2098 in
983 2057 1073 2099 fine
1103 2058 1223 2099 acies
1261 2071 1370 2100 suas
1405 2058 1655 2111 dirigentes

436 2224 445 2242 ¹
471 2223 686 2266 ‘quamque,’
703 2226 777 2258 MS.
794 2225 883 2258 Coll.
899 2227 995 2259 Arm.
1087 2224 1101 2245 ⁶
1124 2226 1186 2258 We
1208 2226 1277 2257 find
1297 2226 1352 2258 the
1374 2227 1547 2269 following
1566 2229 1656 2260 curi-

433 2279 447 2301 2
471 2281 622 2314 Omitted
637 2283 672 2314 in
689 2283 765 2315 MS·
782 2282 871 2315 Cott-
882 2283 958 2315 Tib·
1040 2282 1102 2303 ous
1118 2275 1214 2311 entry
1229 2273 1429 2313 concerning
1443 2273 1510 2305 this
1524 2275 1606 2314 lady
1621 2276 1656 2305 in

434 2336 448 2356 ³
693 2339 768 2372 MS·
786 2340 912 2372 Lansd·
1039 2318 1321 2396 ξ’ῗοξέῗξὲἕὲ-ἔς
1334 2319 1656 2398 afflati&

435 2393 448 2411 ⁴
472 2396 482 2413 ‘
492 2396 723 2436 ¹¹0bilitatem2'
739 2397 838 2429 MSS·
1039 2410 1121 2441 villa
1136 2411 1195 2441 dat
1210 2410 1343 2441 domino
1358 2412 1430 2451 regi
1446 2420 1500 2444 Lx.
1524 2422 1655 2444 marcas

435 2450 448 2469 ⁵
470 2452 592 2483 Mount
642 2453 764 2493 Sorrel,
825 2453 1005 2485 Leicester.
1038 2459 1072 2487 et
1094 2466 1197 2487 unum
1219 2456 1407 2495 palfredum
1431 2467 1473 2489 ne
1499 2458 1569 2489 filia
1591 2468 1654 2490 sua

390 2497 540 2529 eamden
563 2502 667 2530 states
689 2499 763 2530 that
784 2499 840 2530 the
863 2499 1002 2539 original
1038 2502 1256 2541 compellatur
1273 2503 1317 2533 ad
1333 2512 1368 2534 se
1383 2504 1606 2535 maritandum
1622 2508 1656 2536 et

389 2554 485 2575 name
515 2544 554 2575 of
578 2544 634 2576 the
664 2548 753 2576 town
782 2555 855 2576 was
884 2546 1005 2576 Mount
1038 2549 1067 2578 si
1091 2548 1233 2579 voluerit
1256 2549 1425 2587 maritare,
1445 2550 1531 2581 nulli
1552 2551 1656 2581 nubat

388 2590 472 2621 Soar
489 2590 575 2630 Hill,
591 2591 656 2621 and
671 2591 745 2622 that
764 2591 791 2622 it
805 2601 878 2622 was
893 2601 930 2622 so
946 2592 1003 2622 de·
1038 2594 1097 2633 qui
1113 2594 1157 2625 sit
1172 2597 1286 2626 contra
1302 2595 1505 2627 voluntatem
1529 2596 1654 2627 domini

387 2636 578 2667 nominated
598 2637 681 2667 from
703 2637 803 2677 being
823 2637 910 2668 built
925 2647 967 2668 on
983 2647 1004 2668 a
1038 2640 1139 2679 regis.

386 2684 479 2720 stcep
495 2682 561 2712 and
576 2683 705 2723 rugged
719 2683 779 2715 hill
788 2683 1004 2724 overlooking
1083 2683 1096 2703 ⁷
1119 2686 1128 2702 ‘
1140 2685 1337 2722 Caneville‚'
1355 2686 1428 2717 MS.
1443 2686 1567 2718 Lausd.

386 2726 441 2757 the
458 2728 544 2758 river
559 2728 652 2760 Soar.
1079 2730 1092 2749 ⁰
1118 2732 1284 2771 Supplied
1299 2732 1381 2763 from
1400 2732 1474 2765 MS.
1491 2732 1614 2763 Lausd.
