1866 3186
477 281 701 312 wisuram
732 281 794 312 DE
826 259 1206 314 Humi-tenuncm
1436 272 1466 313 9

199 384 340 437 gliam
362 397 464 425 cum
495 397 666 438 magna
697 385 844 426 classe
875 390 921 426 et
945 386 1152 427 exercitu
1177 386 1363 439 copioso
1385 385 1466 426 ho-
1499 395 1664 455 5¹¹1&ssss

201 451 374 491 minum
409 455 456 492 et
489 451 710 504 equitum,
734 451 1044 504 applicuitque
1075 451 1196 505 apud
1234 450 1465 493 Pevenes-
1484 448 1609 508 Wiingm
1666 446 1672 451 '

203 515 324 557 ham.
401 515 490 558 Cui
527 517 725 558 occurrit
768 530 849 557 rex
886 516 1125 558 Haraldus
1160 517 1206 558 in
1238 516 1466 558 Suthsax·
1483 516 1669 542 ¹³¹¹<1⁸³‘¹'0·

1483 556 1598 580 vensey‚

203 582 310 623 onia
342 595 506 623 novem
542 582 765 623 milliariis
801 583 859 623 ab
899 582 1150 635 Hastingo,
1186 587 1234 623 et
1266 582 1466 623 nondum
1484 582 1642 647 ξξὲῗδξξῗι

199 653 482 700 congregato
500 649 635 701 pleno
663 648 871 689 exercitu
893 648 1121 689 commisit
1144 660 1246 689 cum
1271 661 1326 689 eo
1350 660 1469 701 proe-
1487 665 1580 703 nam-e
1592 665 1624 690 or

203 712 316 753 lium
347 714 405 754 ab
436 713 550 755 hora
579 713 670 754 diei
704 713 841 753 tertia
875 725 1022 765 usque
1057 713 1115 753 ad
1151 713 1468 765 crepusculum
1488 698 1635 730 ³¹³⁸‘¹¹¹g⁸'

205 779 381 827 noctis3
415 783 462 820 et
485 784 592 832 post
612 778 764 820 varios
791 782 983 818 eventus
1005 783 1052 819 et
1074 790 1210 819 casus
1236 777 1398 818 dubios
1422 778 1470 818 in

207 843 296 884 fine
319 845 491 885 corruit
511 856 595 884 rex
612 842 849 884 Haraldus
867 847 913 884 et
937 855 1094 884 omnes
1109 843 1202 884 fere
1223 843 1468 884 nobiliores
1487 856 1594 895 Hafold
1612 857 1637 883 is

206 912 219 930 ‘
232 907 597 962 totius’1Angliae
611 913 623 930 ‘
636 919 707 950 xl.
721 908 897 950 scilicet
910 907 1134 949 kalendas
1149 908 1429 950 Novembris
1439 908 1470 930 ’⁵²
1486 889 1634 954 Qua„

205 974 254 1015 in
273 975 346 1015 die
367 979 379 996 ‘
393 973 637 1016 Sabbati.'³
696 974 769 1015 De
785 986 876 1027 quo
893 973 1074 1027 quidem
1095 974 1216 1015 bello
1233 974 1469 1015 testaban-
1487 955 1549 981 (Μ’
1566 956 1608 980 ¹⁴⁶

206 1045 282 1081 tur
324 1040 491 1081 Franci
529 1040 609 1094 qui
644 1039 947 1080 interfuerunt
990 1039 1113 1092 quod
1158 1040 1278 1081 inter
1316 1040 1470 1082 varios

208 1105 313 1147 hinc
334 1106 441 1147 inde
471 1118 607 1147 casus
638 1110 770 1146 tanta
799 1104 886 1146 fuit
917 1109 1097 1158 strages
1125 1111 1172 1146 et
1200 1105 1312 1158 fuga
1345 1105 1391 1146 N
1395 1118 1469 1146 01·-

210 1184 495 1221 mannorum,
526 1176 576 1212 ut
610 1171 820 1219 victoria,
842 1183 935 1224 qua
967 1170 1148 1212 demum
1179 1171 1314 1224 potiti
1345 1176 1470 1221 sunt,

210 1250 317 1278 vere
341 1243 387 1278 et
407 1238 580 1291 absque
608 1236 746 1277 dubio
772 1236 903 1290 justo
927 1236 1017 1277 Dei
1041 1236 1217 1291 judicio
1242 1237 1302 1277 sit
1332 1237 1471 1277 ascri-

210 1302 373 1352 benda,
407 1302 487 1356 qui
519 1301 747 1356 puniendo
774 1302 925 1342 scelus
960 1302 1150 1356 perjurii
1184 1301 1386 1343 ostendit
1421 1315 1471 1343 se

208 1368 358 1409 Deum
387 1381 481 1410 non
509 1368 735 1409 volentem
773 1367 1079 1420 iniquitatem.
1150 1367 1361 1408 Haraldo
1384 1368 1472 1409 itae-

208 1447 297 1487 que
332 1439 529 1483 mortuo,
562 1438 609 1474 et
640 1432 846 1486 Anglicis
880 1433 1160 1486 expugnatis
1199 1438 1338 1486 atque
1366 1433 1470 1474 sub·
1517 1439 1524 1444 '

209 1500 341 1550 actis,
364 1499 553 1541 ducatui
575 1498 875 1540 Normanniae
900 1511 1092 1551 regnum
1115 1498 1302 1551 Angliae
1322 1499 1469 1540 socia-

210 1566 291 1607 vit.
365 1565 572 1618 Cumque
609 1564 794 1618 tyranni
838 1576 1004 1605 nomen
1042 1563 1386 1605 exhorresceret
1424 1569 1470 1606 et

208 1631 402 1684 legitimi
425 1630 644 1684 principis
668 1642 911 1683 personam
940 1629 1128 1671 induere
1150 1630 1304 1678 vellet,
1330 1643 1358 1671 a
1379 1629 1471 1671 Sti·
1488 1641 1664 1674 Archbishop

208 1697 361 1750 gando
401 1695 721 1738 Cantuariensi
759 1694 1102 1748 archiepiscopo
1122 1695 1168 1736 in
1205 1708 1359 1748 regem
1396 1708 1470 1736 so·
1487 1674 1662 1732 rsffissnt‘isoe'

1487 1747 1578 1764 crown
1593 1740 1678 1765 Duke

211 1763 422 1804 lemniter
477 1761 610 1815 petiit
655 1760 948 1802 consecrari:
1001 1760 1080 1800 ille
1124 1773 1234 1802 vero
1281 1766 1472 1802 cruento
1489 1773 1622 1798 William.

208 1829 308 1870 viro
330 1833 377 1870 et
403 1827 542 1869 alieni
563 1827 684 1881 juris
705 1825 907 1867 invasori
930 1838 1091 1867 manus
1112 1826 1345 1879 imponere
1376 1825 1468 1867 for-

209 1894 388 1935 midans
428 1893 690 1934 nullatenus
734 1889 1024 1945 adquievit34
1076 1891 1324 1945 requisitus
1361 1904 1470 1933 vero

209 1956 433 2001 Alredus⁵
481 1959 682 2000 Eborum
716 1957 1102 2010 archiepiscopus,
1133 1957 1204 1998 vir
1237 1957 1386 1998 bonus
1424 1962 1471 1998 et
1487 1966 1682 2031 3332?oe

207 2025 408 2079 prudens
442 2024 796 2077 intelligensque
837 2022 1088 2063 cedendum
1134 2035 1235 2063 esse
1274 2027 1470 2076 tempori
1486 2033 1644 2090 {ggnffigy

207 2098 254 2132 et
298 2091 466 2132 divinae
504 2101 793 2142 nequaquam
836 2087 1141 2129 resistendum
1179 2088 1471 2138 ordinationi,
1488 2098 1587 2156 &3339
1599 2099 1630 2123 or

204 2214 289 2253 bert,
319 2213 434 2243 whose
463 2215 558 2251 aunt,
591 2212 722 2251 Emma,
751 2220 824 2242 was
857 2210 1000 2242 election
1027 2220 1101 2241 was
1136 2210 1305 2241 esteemed
1327 2219 1475 2241 uncano-

204 2259 260 2290 the
282 2259 410 2290 mother
432 2258 470 2289 of
487 2258 636 2289 Edward
658 2257 714 2289 the
738 2257 830 2289 Con·
858 2257 958 2296 nical‚
982 2256 1198 2296 Archbishop
1221 2253 1349 2287 Robert
1373 2256 1474 2295 being

204 2306 321 2337 sessor.
858 2302 927 2333 still
942 2302 1040 2334 alive.

255 2359 263 2378 ¹
289 2361 439 2392 Omitted
456 2361 490 2391 in
506 2360 583 2392 Ms.
600 2360 689 2392 eott.
703 2360 779 2391 Tib.
905 2346 919 2365 ⁶
949 2347 1098 2378 Ealdred
1121 2357 1158 2378 0r
1172 2347 1302 2377 Aldred
1320 2356 1392 2378 was
1416 2346 1474 2377 the

858 2403 953 2424 name
966 2394 1003 2424 of
1010 2394 1076 2424 this
1087 2392 1301 2431 archhishop,
1310 2401 1348 2423 as
1359 2395 1475 2423 attest-

205 2464 326 2496 should
357 2464 398 2494 be
421 2463 570 2494 ‘scilicet
598 2463 707 2501 pridie
744 2462 822 2493 idus
857 2438 1473 2523 ἓὲήῗὶῖὶῗὲξὲἲὲὲεᾱὲίίῒέξίἶωὼῗοὲῗιῗ

207 2509 388 2572 Οεῐοῢῃῦᾗ,
403 2518 440 2539 or
455 2508 636 2577 *samma*
649 2508 795 2570 oen-14⁸
856 2530 985 2561 tracted
1000 2530 1082 2560 form
1095 2530 1133 2560 of
1143 2529 1198 2560 the
1213 2530 1347 2561 ancient
1360 2530 1472 2561 Saxon

252 2566 265 2585 ³
288 2565 439 2598 ommed
454 2574 488 2595 ¹¹²
505 2565 581 2596 MS·
595 2564 684 2596 Con·
698 2564 773 2595 Τὼ·
856 2585 970 2607 names
1014 2575 1185 2606 AEthelred
1226 2576 1292 2607 and
1331 2575 1470 2606 AElfred.

252 2623 265 2642 ⁴
298 2621 410 2662 Roget
434 2621 476 2652 de
503 2621 691 2651 Wendover
718 2623 821 2651 states
856 2621 1068 2660 Archbishop
1098 2621 1226 2653 Aldred
1256 2630 1328 2652 was
1364 2625 1471 2652 trans-

204 2680 242 2701 as
283 2669 339 2700 the
363 2677 481 2699 reason
506 2667 583 2706 why
608 2666 820 2705 Archbishop
856 2667 946 2698 lated
973 2667 1055 2698 from
1082 2667 1137 2698 the
1161 2677 1217 2699 see
1240 2667 1278 2698 of
1287 2667 1473 2698 worcester

206 2715 347 2755 Stigand
373 2714 433 2744 did
456 2716 512 2744 not
527 2713 669 2752 perform
693 2712 749 2743 the
766 2722 820 2743 ce-
857 2713 890 2744 in
915 2715 1012 2752 1061,
1031 2713 1097 2744 and
1123 2713 1203 2745 died
1227 2713 1364 2753 Friday,
1390 2713 1472 2753 Sep-

206 2771 341 2800 remony
375 2759 413 2791 of
440 2759 643 2799 coronation,
668 2758 740 2790 that
769 2758 821 2790 his
855 2759 981 2791 tember
999 2762 1051 2799 11,
1072 2762 1168 2791 1069.

252 2416 267 2437 ²
287 2418 370 2449 This
395 2418 472 2448 date
510 2418 540 2448 is
577 2418 756 2455 incorrect;
797 2417 823 2447 it
