1866 3186
442 289 529 330 304
931 300 1208 330 cnaomcox

242 412 411 470 {¹⁹32}ss
447 401 726 443 Francorum
753 406 989 451 tractaret,
1014 407 1059 443 et
1095 402 1294 445 finaliter
1323 407 1615 458 componeret
1648 402 1705 443 de

226 462 425 531 No'm'andyi's
447 467 493 508 N
496 468 763 509 ormannia:
810 467 1066 520 ductusque
1109 468 1298 510 consilio
1344 469 1466 510 malo
1509 467 1706 521 simplex

225 533 415 590 ivss‘ssffiiimm
443 546 525 574 rex
547 533 803 587 composuit
827 534 892 574 sic
915 538 966 574 ut
990 534 1088 585 regi
1117 533 1395 574 Francorum
1421 534 1708 575 Normannia

227 598 315 630 Kinss·
443 604 711 648 remaneret,
734 598 914 639 reddita
941 599 1026 639 sibi
1047 603 1093 639 et
1117 599 1374 640 haeredibus
1393 600 1488 640 suis
1510 599 1705 652 singulis

444 664 573 704 annis
594 669 720 706 certa
742 677 920 705 summa
949 664 1181 718 pecuniae3
1215 676 1353 717 quam
1386 670 1540 706 tamen
1567 678 1705 718 pecu-

443 730 563 770 niam
586 735 748 783 postea
769 730 1044 783 poenitentia
1065 730 1230 771 ductus
1253 743 1488 785 nunquam
1517 730 1705 783 recepit,

442 808 526 836 nec
558 796 758 848 recipere
792 796 938 837 voluit
970 796 1017 835 in
1039 795 1136 836 vita
1166 808 1278 837 sua:
1313 796 1451 837 immo
1484 796 1532 836 in
1561 795 1704 836 literis

443 861 538 901 suis
559 866 605 902 et
627 860 832 915 epistolis
853 865 952 902 toto
974 865 1177 914 tempore
1208 874 1291 903 suo
1316 874 1366 903 se
1389 861 1551 903 ducem
1582 861 1705 902 Nor-

444 927 640 967 manniae
679 926 959 979 appellavit3
999 927 1094 976 sed,
1133 939 1188 969 eo
1222 931 1417 976 mortuo,
1450 927 1705 968 Edwardus

443 991 565 1032 filius
587 991 688 1045 ejus
725 996 771 1032 et
807 1004 1045 1032 successor
1077 992 1124 1032 in
1154 1005 1295 1045 regno
1329 993 1409 1033 illa
1437 992 1528 1033 duo
1549 992 1704 1041 verba,

445 1057 557 1097 Dux
578 1056 891 1106 Normanniae,
912 1057 958 1097 in
982 1058 1077 1098 suis
1096 1057 1301 1111 epistolis
1320 1071 1411 1100 non
1433 1058 1602 1112 posuit.

548 1203 613 1244 De
636 1203 892 1245 Dissentione
917 1202 1026 1243 inter
1048 1203 1195 1258 Reyem
1214 1208 1251 1243 et
1273 1203 1471 1253 Barones,
1496 1207 1533 1244 et
1552 1202 1601 1243 de

844 1268 1089 1310 Provisione
1113 1268 1290 1310 Owoniae.

244 1399 278 1423 A.
290 1399 325 1423 n.
339 1399 415 1423 1258.
512 1383 697 1423 Extunc
720 1383 916 1435 ingressi
948 1387 1056 1423 sunt
1092 1382 1266 1422 curiam
1301 1382 1422 1435 regis
1445 1382 1704 1423 innumera-

227 1442 419 1500 'csffitssffissffh
445 1448 559 1488 biles
582 1447 749 1488 Franci
779 1448 897 1488 sicut
923 1452 969 1488 et
1001 1452 1138 1489 antea
1170 1447 1352 1488 fuerant
1375 1447 1703 1498 Provinciales,

228 1507 364 1572 222¹„ssss
447 1518 493 1554 et
527 1513 703 1566 repleta
737 1517 807 1554 est
838 1518 960 1553 terra
983 1513 1116 1565 quasi
1140 1526 1199 1553 ex
1233 1513 1355 1554 omni
1386 1513 1570 1554 natione
1601 1526 1704 1567 quae

448 1579 533 1619 sub
568 1579 686 1620 coelo
716 1583 802 1627 est,
834 1579 1181 1631 agebanturque
1204 1578 1390 1631 negotia
1422 1579 1597 1631 regalia
1625 1591 1707 1631 per

447 1637 728 1696 alienigenas
763 1648 809 1684 et
848 1644 1050 1696 ignotos,
1083 1649 1130 1685 et
1164 1643 1287 1684 facta
1327 1649 1398 1685 est
1433 1644 1498 1684 eis
1533 1643 1705 1697 Anglia

448 1710 580 1763 quasi
622 1709 825 1750 serviens
863 1709 948 1750 sub
980 1709 1168 1759 tributo,
1201 1710 1414 1762 quoniam
1446 1709 1626 1751 wardas
1661 1715 1708 1751 et

447 1775 619 1816 relevia
643 1779 688 1816 et
711 1779 878 1816 caetera
900 1774 1206 1816 emolumenta
1238 1779 1372 1816 terrae
1402 1788 1497 1829 prae
1528 1776 1706 1817 caeteris

229 1857 398 1882 Discentent
448 1841 657 1882 omnibus
706 1842 1031 1894 asportabant:
1077 1840 1390 1894 indignatique
1425 1845 1532 1882 sunt
1575 1853 1704 1894 mag-

228 1890 341 1948 333⁸.
447 1911 577 1948 nates
615 1911 747 1948 terrae
783 1905 988 1946 videntes
1023 1905 1137 1954 haec,
1175 1911 1221 1946 et
1253 1911 1413 1947 mutuo
1450 1906 1706 1959 loquentes,

443 1972 531 2012 sibi
580 1972 804 2019 dicebant,
852 1970 974 2020 Quid
1021 1970 1238 2011 faciemus
1288 1971 1555 2023 alienigenis
1604 1972 1705 2013 istis

445 2037 524 2090 qui
564 2037 630 2076 sic
668 2036 931 2089 opprimunt
974 2048 1074 2085 nOS,
1105 2036 1144 2076 si
1185 2036 1485 2077 dimiserimus
1525 2049 1603 2077 eos
1638 2037 1704 2078 sic

445 2102 746 2155 asportabunt
776 2102 945 2150 omnia,
981 2105 1027 2142 et
1061 2114 1144 2142 nos
1178 2102 1309 2142 vacui
1342 2102 1700 2150 remanebimus;

445 2167 757 2220 dirumpamus
788 2179 897 2219 ergo
930 2166 1114 2208 vincula
1145 2179 1299 2208 eorum
1335 2172 1379 2208 et
1411 2166 1704 2220 projiciamus

445 2246 474 2273 a
498 2234 628 2274 nobis
654 2233 821 2287 jugum
857 2233 1075 2285 ipsorum,
1108 2233 1322 2284 quoniam
1358 2233 1397 2272 si
1427 2233 1703 2274 tacuerimus

445 2299 609 2351 peribit
630 2297 816 2350 Anglia,
843 2302 890 2338 et
915 2310 999 2339 nos
1033 2297 1191 2350 utique
1221 2298 1389 2338 erimus
1411 2298 1703 2351 opprobrium

446 2363 676 2405 hominum
723 2369 768 2404 et
801 2363 997 2417 abjectio
1037 2363 1220 2416 populi!
1293 2363 1353 2403 Et
1393 2363 1509 2404 sicut
1547 2363 1702 2404 Simon

447 2429 729 2470 Machabeus
762 2429 962 2469 surrexit
989 2441 1072 2482 pro
1103 2428 1240 2469 fratre
1270 2441 1353 2468 suo
1384 2428 1523 2477 Juda,
1547 2433 1598 2469 ut
1621 2441 1703 2481 pro

445 2495 616 2548 populo
639 2494 727 2535 Dei
756 2499 802 2534 et
831 2494 933 2546 lege
962 2498 1153 2546 paterna
1174 2498 1371 2534 certaret
1401 2494 1458 2534 ad
1489 2498 1701 2544 mortem;

444 2561 509 2601 sic
538 2560 693 2601 Simon
722 2559 778 2599 de
814 2559 1105 2600 Monte-forti
1137 2572 1218 2612 pro
1251 2558 1420 2611 Anglia
1454 2559 1599 2599 erexit
1637 2571 1702 2607 se,

443 2630 494 2666 ut
515 2639 597 2678 pro
618 2625 795 2677 legibus
826 2629 871 2665 et
902 2625 1187 2665 libertatibus
1209 2625 1308 2678 ejus
1340 2637 1483 2676 usque
1503 2624 1561 2664 ad
1584 2636 1701 2664 mor-

443 2691 501 2731 tis
541 2690 783 2743 perniciem
825 2690 1076 2730 dimicaret.
1151 2690 1273 2731 Inito
1313 2690 1469 2742 itaque
1514 2688 1702 2729 consilio

441 2756 650 2795 adierunt
677 2768 844 2807 regem,
869 2755 1075 2804 comites,
1098 2760 1143 2795 et
1168 2756 1379 2804 barones,
1412 2759 1457 2795 et
1488 2754 1702 2794 dixerunt
