<?xml version="1.0" encoding="UTF-8"?>
<!DOCTYPE html PUBLIC "-//W3C//DTD XHTML 1.0 Transitional//EN"
    "http://www.w3.org/TR/xhtml1/DTD/xhtml1-transitional.dtd">
<html xmlns="http://www.w3.org/1999/xhtml" xml:lang="en" lang="en">
 <head>
  <title>
</title>
<meta http-equiv="Content-Type" content="text/html;charset=utf-8" />
  <meta name='ocr-system' content='tesseract 3.04.00' />
  <meta name='ocr-capabilities' content='ocr_page ocr_carea ocr_par ocr_line ocrx_word'/>
</head>
<body>
  <div class='ocr_page' id='page_1' title='image "./chronicondominiw01hemiuoft_0085.png"; bbox 0 0 1866 3186; ppageno 0'>
   <div class='ocr_carea' id='block_1_1' title="bbox 449 269 1444 311">
    <p class='ocr_par' dir='ltr' id='par_1_1' title="bbox 449 269 1444 311">
     <span class='ocr_line' id='line_1_1' title="bbox 449 269 1444 311; baseline 0.001 -1"><span class='ocrx_word' id='word_1_1' title='bbox 449 278 675 310; x_wconf 76' lang='lat' dir='ltr'>WALTERI</span> <span class='ocrx_word' id='word_1_2' title='bbox 709 278 770 308; x_wconf 87' lang='lat' dir='ltr'><strong>DE</strong></span> <span class='ocrx_word' id='word_1_3' title='bbox 803 278 1181 310; x_wconf 80' lang='lat' dir='ltr'>HEMINGBURGH.</span> <span class='ocrx_word' id='word_1_4' title='bbox 1384 269 1444 311; x_wconf 83' lang='grc'><strong>63</strong></span> 
     </span>
    </p>
   </div>
   <div class='ocr_carea' id='block_1_2' title="bbox 171 381 1662 1626">
    <p class='ocr_par' dir='ltr' id='par_1_2' title="bbox 171 381 1649 569">
     <span class='ocr_line' id='line_1_2' title="bbox 178 381 1625 437; baseline 0.003 -14"><span class='ocrx_word' id='word_1_5' title='bbox 178 395 273 424; x_wconf 86' lang='lat' dir='ltr'><strong>rem</strong></span> <span class='ocrx_word' id='word_1_6' title='bbox 293 381 515 424; x_wconf 90' lang='lat' dir='ltr'><strong>Lodovici</strong></span> <span class='ocrx_word' id='word_1_7' title='bbox 531 383 652 436; x_wconf 83' lang='lat' dir='ltr'><strong>regis</strong></span> <span class='ocrx_word' id='word_1_8' title='bbox 670 382 878 424; x_wconf 87' lang='lat' dir='ltr'><strong>Franciae</strong></span> <span class='ocrx_word' id='word_1_9' title='bbox 896 382 1230 433; x_wconf 86' lang='lat' dir='ltr'><strong>Constantiam,</strong></span> <span class='ocrx_word' id='word_1_10' title='bbox 1249 382 1307 424; x_wconf 87' lang='lat' dir='ltr'><strong>ad</strong></span> <span class='ocrx_word' id='word_1_11' title='bbox 1326 396 1443 437; x_wconf 88' lang='lat' dir='ltr'><strong>opus</strong></span> <span class='ocrx_word' id='word_1_12' title='bbox 1492 395 1625 427; x_wconf 67' lang='lat' dir='ltr'><strong>stophen·</strong></span> 
     </span>
     <span class='ocr_line' id='line_1_3' title="bbox 180 429 1649 504; baseline 0.001 -15"><span class='ocrx_word' id='word_1_13' title='bbox 180 454 226 490; x_wconf 88' lang='lat' dir='ltr'><strong>et</strong></span> <span class='ocrx_word' id='word_1_14' title='bbox 251 449 543 502; x_wconf 86' lang='lat' dir='ltr'><strong>maritagium</strong></span> <span class='ocrx_word' id='word_1_15' title='bbox 574 449 655 490; x_wconf 92' lang='lat' dir='ltr'><strong>filii</strong></span> <span class='ocrx_word' id='word_1_16' title='bbox 685 450 758 490; x_wconf 89' lang='lat' dir='ltr'><strong>sui</strong></span> <span class='ocrx_word' id='word_1_17' title='bbox 790 449 1041 491; x_wconf 85' lang='lat' dir='ltr'><strong>Eustachii.</strong></span> <span class='ocrx_word' id='word_1_18' title='bbox 1113 449 1175 491; x_wconf 90' lang='lat' dir='ltr'><strong>Et</strong></span> <span class='ocrx_word' id='word_1_19' title='bbox 1197 449 1329 504; x_wconf 89' lang='lat' dir='ltr'><strong>justo</strong></span> <span class='ocrx_word' id='word_1_20' title='bbox 1352 450 1444 492; x_wconf 93' lang='lat' dir='ltr'><strong>Dei</strong></span> <span class='ocrx_word' id='word_1_21' title='bbox 1479 429 1551 455; x_wconf 60' lang='lat' dir='ltr'><strong>A&#39;D</strong></span> <span class='ocrx_word' id='word_1_22' title='bbox 1574 429 1649 454; x_wconf 65' lang='lat'><strong>”³⁹⁴</strong></span> 
     </span>
     <span class='ocr_line' id='line_1_4' title="bbox 171 514 1445 569; baseline 0.002 -13"><span class='ocrx_word' id='word_1_23' title='bbox 171 514 348 569; x_wconf 90' lang='lat' dir='ltr'><strong>judicio</strong></span> <span class='ocrx_word' id='word_1_24' title='bbox 378 516 464 557; x_wconf 90' lang='lat' dir='ltr'><strong>hoc</strong></span> <span class='ocrx_word' id='word_1_25' title='bbox 499 516 541 556; x_wconf 93' lang='lat' dir='ltr'><strong>ei</strong></span> <span class='ocrx_word' id='word_1_26' title='bbox 571 516 779 569; x_wconf 81' lang='lat' dir='ltr'><strong>contigit,</strong></span> <span class='ocrx_word' id='word_1_27' title='bbox 809 520 969 569; x_wconf 85' lang='lat' dir='ltr'><strong>utpote</strong></span> <span class='ocrx_word' id='word_1_28' title='bbox 999 516 1079 569; x_wconf 90' lang='lat' dir='ltr'><strong>qui</strong></span> <span class='ocrx_word' id='word_1_29' title='bbox 1107 516 1206 569; x_wconf 83' lang='lat' dir='ltr'><strong>regi</strong></span> <span class='ocrx_word' id='word_1_30' title='bbox 1239 515 1445 559; x_wconf 88' lang='lat' dir='ltr'><strong>Henrico</strong></span> 
     </span>
    </p>

    <p class='ocr_par' dir='ltr' id='par_1_3' title="bbox 178 582 1445 636">
     <span class='ocr_line' id='line_1_5' title="bbox 178 582 1445 636; baseline 0.001 -14"><span class='ocrx_word' id='word_1_31' title='bbox 178 586 225 622; x_wconf 90' lang='lat' dir='ltr'><strong>et</strong></span> <span class='ocrx_word' id='word_1_32' title='bbox 244 582 350 623; x_wconf 86' lang='lat' dir='ltr'><strong>filiae</strong></span> <span class='ocrx_word' id='word_1_33' title='bbox 370 595 467 623; x_wconf 82' lang='lat' dir='ltr'><strong>suae</strong></span> <span class='ocrx_word' id='word_1_34' title='bbox 488 582 754 623; x_wconf 86' lang='lat' dir='ltr'><strong>fidelitatem</strong></span> <span class='ocrx_word' id='word_1_35' title='bbox 777 582 923 635; x_wconf 87' lang='lat' dir='ltr'><strong>primo</strong></span> <span class='ocrx_word' id='word_1_36' title='bbox 938 582 1194 636; x_wconf 89' lang='lat' dir='ltr'><strong>juraverat,</strong></span> <span class='ocrx_word' id='word_1_37' title='bbox 1217 582 1274 623; x_wconf 92' lang='lat' dir='ltr'><strong>de</strong></span> <span class='ocrx_word' id='word_1_38' title='bbox 1301 595 1445 635; x_wconf 87' lang='lat' dir='ltr'><strong>regno</strong></span> 
     </span>
    </p>

    <p class='ocr_par' dir='ltr' id='par_1_4' title="bbox 179 646 1444 702">
     <span class='ocr_line' id='line_1_6' title="bbox 179 646 1444 702; baseline 0.001 -14"><span class='ocrx_word' id='word_1_39' title='bbox 179 646 363 701; x_wconf 84' lang='lat' dir='ltr'><strong>Angliae</strong></span> <span class='ocrx_word' id='word_1_40' title='bbox 383 648 470 701; x_wconf 93' lang='lat' dir='ltr'><strong>ipsi</strong></span> <span class='ocrx_word' id='word_1_41' title='bbox 499 648 605 689; x_wconf 88' lang='lat' dir='ltr'><strong>filiae</strong></span> <span class='ocrx_word' id='word_1_42' title='bbox 634 660 730 689; x_wconf 86' lang='lat' dir='ltr'><strong>suae</strong></span> <span class='ocrx_word' id='word_1_43' title='bbox 761 647 1072 689; x_wconf 86' lang='lat' dir='ltr'><strong>conservando</strong></span> <span class='ocrx_word' id='word_1_44' title='bbox 1092 652 1139 689; x_wconf 89' lang='lat' dir='ltr'><strong>et</strong></span> <span class='ocrx_word' id='word_1_45' title='bbox 1158 648 1297 689; x_wconf 85' lang='lat' dir='ltr'><strong>etiam</strong></span> <span class='ocrx_word' id='word_1_46' title='bbox 1312 647 1444 702; x_wconf 82' lang='lat' dir='ltr'><strong>jura-</strong></span> 
     </span>
    </p>

    <p class='ocr_par' dir='ltr' id='par_1_5' title="bbox 178 713 1444 834">
     <span class='ocr_line' id='line_1_7' title="bbox 178 713 1444 768; baseline 0 -14"><span class='ocrx_word' id='word_1_47' title='bbox 178 715 293 754; x_wconf 88' lang='lat' dir='ltr'>turis</span> <span class='ocrx_word' id='word_1_48' title='bbox 347 714 539 767; x_wconf 84' lang='lat' dir='ltr'><strong>singulis</strong></span> <span class='ocrx_word' id='word_1_49' title='bbox 588 713 782 755; x_wconf 87' lang='lat' dir='ltr'><strong>formam</strong></span> <span class='ocrx_word' id='word_1_50' title='bbox 828 713 1082 768; x_wconf 86' lang='lat' dir='ltr'><strong>juramenti</strong></span> <span class='ocrx_word' id='word_1_51' title='bbox 1134 718 1444 766; x_wconf 82' lang='lat' dir='ltr'><strong>expresserat,</strong></span> 
     </span>
     <span class='ocr_line' id='line_1_8' title="bbox 178 778 1444 834; baseline -0.001 -13"><span class='ocrx_word' id='word_1_52' title='bbox 178 780 469 833; x_wconf 89' lang='lat' dir='ltr'><strong>postmodum</strong></span> <span class='ocrx_word' id='word_1_53' title='bbox 500 779 704 834; x_wconf 86' lang='lat' dir='ltr'><strong>ejusdem</strong></span> <span class='ocrx_word' id='word_1_54' title='bbox 737 778 989 833; x_wconf 85' lang='lat' dir='ltr'><strong>juramenti</strong></span> <span class='ocrx_word' id='word_1_55' title='bbox 1022 779 1275 827; x_wconf 88' lang='lat' dir='ltr'><strong>immemor,</strong></span> <span class='ocrx_word' id='word_1_56' title='bbox 1305 778 1444 820; x_wconf 91' lang='lat' dir='ltr'><strong>immo</strong></span> 
     </span>
    </p>

    <p class='ocr_par' dir='ltr' id='par_1_6' title="bbox 178 844 1445 899">
     <span class='ocr_line' id='line_1_9' title="bbox 178 844 1445 899; baseline 0 -13"><span class='ocrx_word' id='word_1_57' title='bbox 178 846 326 899; x_wconf 86' lang='lat' dir='ltr'><strong>magis</strong></span> <span class='ocrx_word' id='word_1_58' title='bbox 378 850 678 898; x_wconf 91' lang='lat' dir='ltr'><strong>contemptor,</strong></span> <span class='ocrx_word' id='word_1_59' title='bbox 722 844 1005 886; x_wconf 84' lang='lat' dir='ltr'><strong>coronationi</strong></span> <span class='ocrx_word' id='word_1_60' title='bbox 1054 845 1176 897; x_wconf 80' lang='lat' dir='ltr'><strong>regis</strong></span> <span class='ocrx_word' id='word_1_61' title='bbox 1225 844 1445 898; x_wconf 84' lang='lat' dir='ltr'><strong>Stephani</strong></span> 
     </span>
    </p>

    <p class='ocr_par' dir='ltr' id='par_1_7' title="bbox 178 910 1444 1031">
     <span class='ocr_line' id='line_1_10' title="bbox 178 910 1444 965; baseline -0.001 -12"><span class='ocrx_word' id='word_1_62' title='bbox 178 912 310 965; x_wconf 91' lang='lat' dir='ltr'><strong>quasi</strong></span> <span class='ocrx_word' id='word_1_63' title='bbox 350 916 621 965; x_wconf 89' lang='lat' dir='ltr'><strong>cooperator</strong></span> <span class='ocrx_word' id='word_1_64' title='bbox 647 911 805 952; x_wconf 85' lang='lat' dir='ltr'><strong>extitit</strong></span> <span class='ocrx_word' id='word_1_65' title='bbox 835 915 882 951; x_wconf 92' lang='lat' dir='ltr'><strong>et</strong></span> <span class='ocrx_word' id='word_1_66' title='bbox 913 910 1122 965; x_wconf 87' lang='lat' dir='ltr'><strong>adjutor:</strong></span> <span class='ocrx_word' id='word_1_67' title='bbox 1173 915 1220 952; x_wconf 92' lang='lat' dir='ltr'><strong>et</strong></span> <span class='ocrx_word' id='word_1_68' title='bbox 1261 911 1444 964; x_wconf 91' lang='lat' dir='ltr'><strong>quidem</strong></span> 
     </span>
     <span class='ocr_line' id='line_1_11' title="bbox 178 976 1444 1031; baseline -0.002 -11"><span class='ocrx_word' id='word_1_69' title='bbox 178 977 437 1020; x_wconf 90' lang='lat' dir='ltr'><strong>Willelmus</strong></span> <span class='ocrx_word' id='word_1_70' title='bbox 460 977 804 1019; x_wconf 87' lang='lat' dir='ltr'><strong>Cantuariensis</strong></span> <span class='ocrx_word' id='word_1_71' title='bbox 828 976 1214 1030; x_wconf 89' lang='lat' dir='ltr'><strong>archiepiscopus,</strong></span> <span class='ocrx_word' id='word_1_72' title='bbox 1238 976 1444 1031; x_wconf 90' lang='lat' dir='ltr'><strong>ejusdem</strong></span> 
     </span>
    </p>

    <p class='ocr_par' dir='ltr' id='par_1_8' title="bbox 177 1043 1444 1098">
     <span class='ocr_line' id='line_1_12' title="bbox 177 1043 1444 1098; baseline 0.001 -14"><span class='ocrx_word' id='word_1_73' title='bbox 177 1050 228 1085; x_wconf 92' lang='lat' dir='ltr'><strong>ut</strong></span> <span class='ocrx_word' id='word_1_74' title='bbox 264 1044 464 1086; x_wconf 88' lang='lat' dir='ltr'><strong>creditur</strong></span> <span class='ocrx_word' id='word_1_75' title='bbox 497 1043 683 1098; x_wconf 89' lang='lat' dir='ltr'><strong>perjurii</strong></span> <span class='ocrx_word' id='word_1_76' title='bbox 720 1043 897 1092; x_wconf 85' lang='lat' dir='ltr'><strong>merito,</strong></span> <span class='ocrx_word' id='word_1_77' title='bbox 926 1043 1027 1096; x_wconf 91' lang='lat' dir='ltr'><strong>ipso</strong></span> <span class='ocrx_word' id='word_1_78' title='bbox 1054 1043 1444 1096; x_wconf 70' lang='lat' dir='ltr'><strong>praevaricationis</strong></span> 
     </span>
    </p>

    <p class='ocr_par' dir='ltr' id='par_1_9' title="bbox 178 1108 1662 1427">
     <span class='ocr_line' id='line_1_13' title="bbox 179 1108 1653 1161; baseline -0.003 -10"><span class='ocrx_word' id='word_1_79' title='bbox 179 1123 274 1151; x_wconf 86' lang='lat' dir='ltr'><strong>suae</strong></span> <span class='ocrx_word' id='word_1_80' title='bbox 295 1123 415 1151; x_wconf 90' lang='lat' dir='ltr'><strong>anno</strong></span> <span class='ocrx_word' id='word_1_81' title='bbox 437 1110 619 1159; x_wconf 86' lang='lat' dir='ltr'><strong>defecit,</strong></span> <span class='ocrx_word' id='word_1_82' title='bbox 641 1114 687 1150; x_wconf 89' lang='lat' dir='ltr'><strong>et</strong></span> <span class='ocrx_word' id='word_1_83' title='bbox 709 1113 916 1149; x_wconf 90' lang='lat' dir='ltr'><strong>mortuus</strong></span> <span class='ocrx_word' id='word_1_84' title='bbox 938 1113 1023 1150; x_wconf 89' lang='lat' dir='ltr'><strong>est.</strong></span> <span class='ocrx_word' id='word_1_85' title='bbox 1076 1108 1192 1151; x_wconf 88' lang='lat' dir='ltr'><strong>Post</strong></span> <span class='ocrx_word' id='word_1_86' title='bbox 1214 1109 1313 1150; x_wconf 88' lang='lat' dir='ltr'><strong>haec</strong></span> <span class='ocrx_word' id='word_1_87' title='bbox 1333 1123 1443 1151; x_wconf 85' lang='lat' dir='ltr'><strong>vero</strong></span> <span class='ocrx_word' id='word_1_88' title='bbox 1461 1121 1653 1161; x_wconf 63' lang='lat' dir='ltr'><strong>counpilheld</strong></span> 
     </span>
     <span class='ocr_line' id='line_1_14' title="bbox 180 1155 1662 1230; baseline -0.003 -13"><span class='ocrx_word' id='word_1_89' title='bbox 180 1181 226 1217; x_wconf 89' lang='lat' dir='ltr'><strong>et</strong></span> <span class='ocrx_word' id='word_1_90' title='bbox 241 1176 573 1230; x_wconf 88' lang='lat' dir='ltr'><strong>aliquantisper</strong></span> <span class='ocrx_word' id='word_1_91' title='bbox 589 1175 821 1216; x_wconf 90' lang='lat' dir='ltr'><strong>Henricus</strong></span> <span class='ocrx_word' id='word_1_92' title='bbox 833 1175 1167 1216; x_wconf 88' lang='lat' dir='ltr'><strong>Wintoniensis</strong></span> <span class='ocrx_word' id='word_1_93' title='bbox 1185 1175 1443 1229; x_wconf 90' lang='lat' dir='ltr'><strong>episcopus,</strong></span> <span class='ocrx_word' id='word_1_94' title='bbox 1460 1155 1662 1220; x_wconf 45' lang='lat' dir='ltr'><strong>ssgrfssffi&#39;gjg,</strong></span> 
     </span>
     <span class='ocr_line' id='line_1_15' title="bbox 179 1222 1594 1295; baseline 0.001 -12"><span class='ocrx_word' id='word_1_95' title='bbox 179 1243 320 1283; x_wconf 87' lang='lat' dir='ltr'><strong>frater</strong></span> <span class='ocrx_word' id='word_1_96' title='bbox 340 1243 477 1295; x_wconf 81' lang='lat' dir='ltr'><strong>regis,</strong></span> <span class='ocrx_word' id='word_1_97' title='bbox 507 1247 554 1283; x_wconf 91' lang='lat' dir='ltr'><strong>et</strong></span> <span class='ocrx_word' id='word_1_98' title='bbox 585 1241 810 1283; x_wconf 85' lang='lat' dir='ltr'><strong>Romanae</strong></span> <span class='ocrx_word' id='word_1_99' title='bbox 840 1240 1046 1282; x_wconf 82' lang='lat' dir='ltr'><strong>ecclesiae</strong></span> <span class='ocrx_word' id='word_1_100' title='bbox 1076 1241 1273 1294; x_wconf 86' lang='lat' dir='ltr'><strong>legatus,</strong></span> <span class='ocrx_word' id='word_1_101' title='bbox 1298 1242 1447 1284; x_wconf 87' lang='lat' dir='ltr'><strong>tenuit</strong></span> <span class='ocrx_word' id='word_1_102' title='bbox 1464 1222 1594 1254; x_wconf 37' lang='lat' dir='ltr'><strong>Augen.</strong></span> 
     </span>
     <span class='ocr_line' id='line_1_16' title="bbox 178 1306 1446 1361; baseline 0 -11"><span class='ocrx_word' id='word_1_103' title='bbox 178 1308 420 1350; x_wconf 90' lang='lat' dir='ltr'><strong>concilium</strong></span> <span class='ocrx_word' id='word_1_104' title='bbox 444 1308 565 1361; x_wconf 92' lang='lat' dir='ltr'><strong>apud</strong></span> <span class='ocrx_word' id='word_1_105' title='bbox 583 1307 896 1358; x_wconf 81' lang='lat' dir='ltr'><strong>Wintoniam3</strong></span> <span class='ocrx_word' id='word_1_106' title='bbox 927 1307 1005 1348; x_wconf 92' lang='lat' dir='ltr'><strong>ubi</strong></span> <span class='ocrx_word' id='word_1_107' title='bbox 1035 1307 1241 1361; x_wconf 89' lang='lat' dir='ltr'><strong>episcopi</strong></span> <span class='ocrx_word' id='word_1_108' title='bbox 1261 1306 1446 1361; x_wconf 87' lang='lat' dir='ltr'><strong>Angliae</strong></span> 
     </span>
     <span class='ocr_line' id='line_1_17' title="bbox 179 1373 1447 1427; baseline 0 -11"><span class='ocrx_word' id='word_1_109' title='bbox 179 1375 503 1416; x_wconf 88' lang='lat' dir='ltr'><strong>convenientes</strong></span> <span class='ocrx_word' id='word_1_110' title='bbox 534 1379 580 1415; x_wconf 90' lang='lat' dir='ltr'><strong>et</strong></span> <span class='ocrx_word' id='word_1_111' title='bbox 603 1373 661 1415; x_wconf 92' lang='lat' dir='ltr'><strong>ad</strong></span> <span class='ocrx_word' id='word_1_112' title='bbox 691 1373 831 1427; x_wconf 90' lang='lat' dir='ltr'><strong>pedes</strong></span> <span class='ocrx_word' id='word_1_113' title='bbox 851 1373 974 1426; x_wconf 84' lang='lat' dir='ltr'><strong>regis</strong></span> <span class='ocrx_word' id='word_1_114' title='bbox 996 1374 1231 1426; x_wconf 89' lang='lat' dir='ltr'><strong>prostrati,</strong></span> <span class='ocrx_word' id='word_1_115' title='bbox 1252 1386 1447 1427; x_wconf 85' lang='lat' dir='ltr'><strong>rogave-</strong></span> 
     </span>
    </p>

    <p class='ocr_par' dir='ltr' id='par_1_10' title="bbox 178 1439 1447 1493">
     <span class='ocr_line' id='line_1_18' title="bbox 178 1439 1447 1493; baseline 0.001 -12"><span class='ocrx_word' id='word_1_116' title='bbox 178 1445 284 1482; x_wconf 88' lang='lat' dir='ltr'><strong>runt</strong></span> <span class='ocrx_word' id='word_1_117' title='bbox 312 1453 468 1493; x_wconf 86' lang='lat' dir='ltr'><strong>regem</strong></span> <span class='ocrx_word' id='word_1_118' title='bbox 508 1445 560 1482; x_wconf 94' lang='lat' dir='ltr'><strong>ut</strong></span> <span class='ocrx_word' id='word_1_119' title='bbox 593 1440 903 1493; x_wconf 89' lang='lat' dir='ltr'><strong>possessiones</strong></span> <span class='ocrx_word' id='word_1_120' title='bbox 943 1444 989 1480; x_wconf 90' lang='lat' dir='ltr'><strong>et</strong></span> <span class='ocrx_word' id='word_1_121' title='bbox 1026 1439 1216 1481; x_wconf 84' lang='lat' dir='ltr'><strong>castella</strong></span> <span class='ocrx_word' id='word_1_122' title='bbox 1254 1440 1447 1493; x_wconf 88' lang='lat' dir='ltr'><strong>praedic-</strong></span> 
     </span>
    </p>

    <p class='ocr_par' dir='ltr' id='par_1_11' title="bbox 180 1505 1449 1560">
     <span class='ocr_line' id='line_1_19' title="bbox 180 1505 1449 1560; baseline 0 -12"><span class='ocrx_word' id='word_1_123' title='bbox 180 1512 330 1548; x_wconf 91' lang='lat' dir='ltr'><strong>torum</strong></span> <span class='ocrx_word' id='word_1_124' title='bbox 346 1508 664 1560; x_wconf 86' lang='lat' dir='ltr'><strong>episcoporum</strong></span> <span class='ocrx_word' id='word_1_125' title='bbox 679 1510 1047 1547; x_wconf 88' lang='lat' dir='ltr'><strong>restaurarentur</strong></span> <span class='ocrx_word' id='word_1_126' title='bbox 1062 1506 1144 1547; x_wconf 89' lang='lat' dir='ltr'><strong>eis.</strong></span> <span class='ocrx_word' id='word_1_127' title='bbox 1190 1505 1281 1547; x_wconf 91' lang='lat' dir='ltr'><strong>Sed</strong></span> <span class='ocrx_word' id='word_1_128' title='bbox 1301 1506 1449 1548; x_wconf 91' lang='lat' dir='ltr'><strong>noluit</strong></span> 
     </span>
    </p>

    <p class='ocr_par' dir='ltr' id='par_1_12' title="bbox 178 1571 1448 1626">
     <span class='ocr_line' id='line_1_20' title="bbox 178 1571 1448 1626; baseline 0.001 -13"><span class='ocrx_word' id='word_1_129' title='bbox 178 1586 256 1614; x_wconf 89' lang='lat' dir='ltr'><strong>eos</strong></span> <span class='ocrx_word' id='word_1_130' title='bbox 280 1573 438 1614; x_wconf 85' lang='lat' dir='ltr'><strong>audire</strong></span> <span class='ocrx_word' id='word_1_131' title='bbox 459 1585 572 1624; x_wconf 81' lang='lat' dir='ltr'><strong>rex3</strong></span> <span class='ocrx_word' id='word_1_132' title='bbox 603 1578 791 1626; x_wconf 88' lang='lat' dir='ltr'><strong>propter</strong></span> <span class='ocrx_word' id='word_1_133' title='bbox 810 1571 949 1625; x_wconf 91' lang='lat' dir='ltr'><strong>quod,</strong></span> <span class='ocrx_word' id='word_1_134' title='bbox 969 1576 1022 1613; x_wconf 90' lang='lat' dir='ltr'><strong>ut</strong></span> <span class='ocrx_word' id='word_1_135' title='bbox 1045 1571 1261 1622; x_wconf 90' lang='lat' dir='ltr'><strong>creditur,</strong></span> <span class='ocrx_word' id='word_1_136' title='bbox 1286 1572 1448 1614; x_wconf 90' lang='lat' dir='ltr'><strong>domus</strong></span> 
     </span>
    </p>
   </div>
   <div class='ocr_carea' id='block_1_3' title="bbox 179 1637 1155 1692">
    <p class='ocr_par' dir='ltr' id='par_1_13' title="bbox 179 1637 1155 1692">
     <span class='ocr_line' id='line_1_21' title="bbox 179 1637 1155 1692; baseline -0.001 -13"><span class='ocrx_word' id='word_1_137' title='bbox 179 1639 308 1691; x_wconf 83' lang='lat' dir='ltr'><strong>regia</strong></span> <span class='ocrx_word' id='word_1_138' title='bbox 329 1638 518 1680; x_wconf 89' lang='lat' dir='ltr'><strong>finitime</strong></span> <span class='ocrx_word' id='word_1_139' title='bbox 538 1638 768 1692; x_wconf 85' lang='lat' dir='ltr'><strong>subjacuit</strong></span> <span class='ocrx_word' id='word_1_140' title='bbox 787 1637 956 1679; x_wconf 88' lang='lat' dir='ltr'><strong>divinae</strong></span> <span class='ocrx_word' id='word_1_141' title='bbox 975 1637 1155 1679; x_wconf 84' lang='lat' dir='ltr'><strong>ultioni.</strong></span> 
     </span>
    </p>
   </div>
   <div class='ocr_carea' id='block_1_4' title="bbox 1461 465 1661 471">
    <p class='ocr_par' dir='ltr' id='par_1_14' title="bbox 1461 465 1661 471">
     <span class='ocr_line' id='line_1_22' title="bbox 1461 465 1661 471; baseline 0 0"><span class='ocrx_word' id='word_1_142' title='bbox 1461 465 1661 471; x_wconf 95' lang='lat' dir='ltr'><strong> </strong></span> 
     </span>
    </p>
   </div>
   <div class='ocr_carea' id='block_1_5' title="bbox 183 1783 1445 1906">
    <p class='ocr_par' dir='ltr' id='par_1_15' title="bbox 183 1783 1445 1906">
     <span class='ocr_line' id='line_1_23' title="bbox 183 1783 1445 1840; baseline -0.001 -14"><span class='ocrx_word' id='word_1_143' title='bbox 183 1784 383 1836; x_wconf 77' lang='lat' dir='ltr'><strong>Quomodo</strong></span> <span class='ocrx_word' id='word_1_144' title='bbox 403 1790 547 1840; x_wconf 79' lang='lat' dir='ltr'><strong>captus</strong></span> <span class='ocrx_word' id='word_1_145' title='bbox 556 1784 655 1840; x_wconf 70' lang='lat' dir='ltr'><strong>fwc’t</strong></span> <span class='ocrx_word' id='word_1_146' title='bbox 674 1784 765 1825; x_wconf 70' lang='lat' dir='ltr'><strong>Rem</strong></span> <span class='ocrx_word' id='word_1_147' title='bbox 787 1783 1018 1839; x_wconf 73' lang='lat' dir='ltr'><strong>Stephanus</strong></span> <span class='ocrx_word' id='word_1_148' title='bbox 1049 1783 1167 1839; x_wconf 75' lang='lat' dir='ltr'><strong>apud</strong></span> <span class='ocrx_word' id='word_1_149' title='bbox 1185 1783 1445 1826; x_wconf 74' lang='lat' dir='ltr'><strong>Linoolniam</strong></span> 
     </span>
     <span class='ocr_line' id='line_1_24' title="bbox 591 1850 1024 1906; baseline 0 -15"><span class='ocrx_word' id='word_1_150' title='bbox 591 1864 673 1906; x_wconf 78' lang='lat' dir='ltr'><strong>per</strong></span> <span class='ocrx_word' id='word_1_151' title='bbox 696 1850 1024 1906; x_wconf 77' lang='lat' dir='ltr'><strong>Imperatrioem.</strong></span> 
     </span>
    </p>
   </div>
   <div class='ocr_carea' id='block_1_6' title="bbox 245 1964 1583 2021">
    <p class='ocr_par' dir='ltr' id='par_1_16' title="bbox 245 1964 1583 2021">
     <span class='ocr_line' id='line_1_25' title="bbox 245 1964 1583 2021; baseline 0.005 -15"><span class='ocrx_word' id='word_1_152' title='bbox 245 1964 409 2007; x_wconf 85' lang='lat' dir='ltr'><strong>Sexto¹</strong></span> <span class='ocrx_word' id='word_1_153' title='bbox 433 1978 553 2007; x_wconf 92' lang='lat' dir='ltr'><strong>anno</strong></span> <span class='ocrx_word' id='word_1_154' title='bbox 576 1965 699 2018; x_wconf 82' lang='lat' dir='ltr'><strong>regis</strong></span> <span class='ocrx_word' id='word_1_155' title='bbox 721 1965 941 2020; x_wconf 90' lang='lat' dir='ltr'><strong>Stephani</strong></span> <span class='ocrx_word' id='word_1_156' title='bbox 965 1979 1068 2007; x_wconf 89' lang='lat' dir='ltr'><strong>cum</strong></span> <span class='ocrx_word' id='word_1_157' title='bbox 1089 1967 1295 2008; x_wconf 88' lang='lat' dir='ltr'><strong>exercitu</strong></span> <span class='ocrx_word' id='word_1_158' title='bbox 1319 1980 1445 2021; x_wconf 83' lang='lat' dir='ltr'><strong>mag·</strong></span> <span class='ocrx_word' id='word_1_159' title='bbox 1465 1987 1583 2014; x_wconf 58' lang='lat' dir='ltr'><strong>Munda</strong></span> 
     </span>
    </p>
   </div>
   <div class='ocr_carea' id='block_1_7' title="bbox 178 2020 1668 2087">
    <p class='ocr_par' dir='ltr' id='par_1_17' title="bbox 178 2020 1668 2087">
     <span class='ocr_line' id='line_1_26' title="bbox 178 2020 1668 2087; baseline 0.005 -15"><span class='ocrx_word' id='word_1_160' title='bbox 178 2044 237 2072; x_wconf 93' lang='lat' dir='ltr'><strong>no</strong></span> <span class='ocrx_word' id='word_1_161' title='bbox 255 2032 442 2073; x_wconf 89' lang='lat' dir='ltr'><strong>venitin</strong></span> <span class='ocrx_word' id='word_1_162' title='bbox 458 2031 676 2084; x_wconf 86' lang='lat' dir='ltr'><strong>Angliam</strong></span> <span class='ocrx_word' id='word_1_163' title='bbox 698 2031 791 2073; x_wconf 93' lang='lat' dir='ltr'><strong>filia</strong></span> <span class='ocrx_word' id='word_1_164' title='bbox 812 2033 933 2085; x_wconf 87' lang='lat' dir='ltr'><strong>regis</strong></span> <span class='ocrx_word' id='word_1_165' title='bbox 956 2032 1163 2083; x_wconf 89' lang='lat' dir='ltr'><strong>Henrici,</strong></span> <span class='ocrx_word' id='word_1_166' title='bbox 1181 2046 1284 2087; x_wconf 83' lang='lat' dir='ltr'><strong>quae</strong></span> <span class='ocrx_word' id='word_1_167' title='bbox 1300 2046 1443 2087; x_wconf 91' lang='lat' dir='ltr'><strong>quon·</strong></span> <span class='ocrx_word' id='word_1_168' title='bbox 1462 2020 1582 2080; x_wconf 56' lang='lat'><strong>33:351„</strong></span> <span class='ocrx_word' id='word_1_169' title='bbox 1594 2021 1668 2054; x_wconf 45' lang='grc' dir='ltr'><strong>ᾖδ’</strong></span> 
     </span>
    </p>
   </div>
   <div class='ocr_carea' id='block_1_8' title="bbox 179 2097 1445 2284">
    <p class='ocr_par' dir='ltr' id='par_1_18' title="bbox 179 2097 1445 2284">
     <span class='ocr_line' id='line_1_27' title="bbox 179 2097 1444 2153; baseline 0.002 -15"><span class='ocrx_word' id='word_1_170' title='bbox 179 2097 285 2138; x_wconf 93' lang='lat' dir='ltr'><strong>dam</strong></span> <span class='ocrx_word' id='word_1_171' title='bbox 308 2097 592 2139; x_wconf 86' lang='lat' dir='ltr'><strong>Alemanniae</strong></span> <span class='ocrx_word' id='word_1_172' title='bbox 612 2098 880 2151; x_wconf 88' lang='lat' dir='ltr'><strong>imperatrix</strong></span> <span class='ocrx_word' id='word_1_173' title='bbox 907 2097 1070 2148; x_wconf 84' lang='lat' dir='ltr'><strong>fuerat,</strong></span> <span class='ocrx_word' id='word_1_174' title='bbox 1091 2103 1138 2140; x_wconf 90' lang='lat' dir='ltr'><strong>et</strong></span> <span class='ocrx_word' id='word_1_175' title='bbox 1157 2100 1232 2141; x_wconf 89' lang='lat' dir='ltr'><strong>cui</strong></span> <span class='ocrx_word' id='word_1_176' title='bbox 1255 2098 1444 2153; x_wconf 84' lang='lat' dir='ltr'><strong>Anglia,</strong></span> 
     </span>
     <span class='ocr_line' id='line_1_28' title="bbox 179 2162 1445 2219; baseline 0.003 -15"><span class='ocrx_word' id='word_1_177' title='bbox 179 2168 230 2204; x_wconf 93' lang='lat' dir='ltr'><strong>ut</strong></span> <span class='ocrx_word' id='word_1_178' title='bbox 243 2163 512 2216; x_wconf 77' lang='lat' dir='ltr'><strong>praedictum</strong></span> <span class='ocrx_word' id='word_1_179' title='bbox 532 2168 617 2212; x_wconf 89' lang='lat' dir='ltr'><strong>est,</strong></span> <span class='ocrx_word' id='word_1_180' title='bbox 637 2168 649 2186; x_wconf 94' lang='lat'>‘</span> <span class='ocrx_word' id='word_1_181' title='bbox 665 2162 737 2205; x_wconf 71' lang='lat' dir='ltr'><strong>a&#39;2</strong></span> <span class='ocrx_word' id='word_1_182' title='bbox 752 2165 1045 2216; x_wconf 84' lang='lat' dir='ltr'><strong>magnatibus</strong></span> <span class='ocrx_word' id='word_1_183' title='bbox 1069 2170 1204 2207; x_wconf 84' lang='lat' dir='ltr'><strong>terrae</strong></span> <span class='ocrx_word' id='word_1_184' title='bbox 1218 2167 1445 2219; x_wconf 90' lang='lat' dir='ltr'><strong>promissa</strong></span> 
     </span>
     <span class='ocr_line' id='line_1_29' title="bbox 179 2229 1445 2284; baseline 0.002 -14"><span class='ocrx_word' id='word_1_185' title='bbox 179 2234 226 2270; x_wconf 90' lang='lat' dir='ltr'><strong>et</strong></span> <span class='ocrx_word' id='word_1_186' title='bbox 239 2229 399 2283; x_wconf 87' lang='lat' dir='ltr'><strong>jurata</strong></span> <span class='ocrx_word' id='word_1_187' title='bbox 419 2230 667 2280; x_wconf 81' lang='lat' dir='ltr'><strong>extiterat3</strong></span> <span class='ocrx_word' id='word_1_188' title='bbox 700 2230 1011 2284; x_wconf 88' lang='lat' dir='ltr'><strong>applicuitque</strong></span> <span class='ocrx_word' id='word_1_189' title='bbox 1042 2243 1259 2284; x_wconf 90' lang='lat' dir='ltr'><strong>prospere</strong></span> <span class='ocrx_word' id='word_1_190' title='bbox 1281 2237 1327 2273; x_wconf 89' lang='lat' dir='ltr'><strong>et</strong></span> <span class='ocrx_word' id='word_1_191' title='bbox 1357 2232 1445 2273; x_wconf 90' lang='lat' dir='ltr'><strong>iter</strong></span> 
     </span>
    </p>
   </div>
   <div class='ocr_carea' id='block_1_9' title="bbox 178 2295 1638 2436">
    <p class='ocr_par' dir='ltr' id='par_1_19' title="bbox 178 2295 1638 2436">
     <span class='ocr_line' id='line_1_30' title="bbox 178 2295 1635 2350; baseline 0 -14"><span class='ocrx_word' id='word_1_192' title='bbox 178 2295 348 2336; x_wconf 85' lang='lat' dir='ltr'><strong>direxit</strong></span> <span class='ocrx_word' id='word_1_193' title='bbox 377 2296 435 2337; x_wconf 92' lang='lat' dir='ltr'><strong>ad</strong></span> <span class='ocrx_word' id='word_1_194' title='bbox 460 2295 684 2345; x_wconf 89' lang='lat' dir='ltr'><strong>Arundel,</strong></span> <span class='ocrx_word' id='word_1_195' title='bbox 705 2296 782 2337; x_wconf 91' lang='lat' dir='ltr'><strong>ubi</strong></span> <span class='ocrx_word' id='word_1_196' title='bbox 812 2309 893 2337; x_wconf 86' lang='lat' dir='ltr'><strong>rex</strong></span> <span class='ocrx_word' id='word_1_197' title='bbox 919 2296 1180 2350; x_wconf 86' lang='lat' dir='ltr'><strong>Stephanus</strong></span> <span class='ocrx_word' id='word_1_198' title='bbox 1201 2310 1443 2338; x_wconf 88' lang='lat' dir='ltr'><strong>occurrens</strong></span> <span class='ocrx_word' id='word_1_199' title='bbox 1463 2310 1492 2335; x_wconf 65' lang='grc' dir='ltr'><strong>ιε</strong></span> <span class='ocrx_word' id='word_1_200' title='bbox 1504 2310 1635 2343; x_wconf 68' lang='lat' dir='ltr'><strong>besieged</strong></span> 
     </span>
     <span class='ocr_line' id='line_1_31' title="bbox 178 2343 1638 2436; baseline 0.001 -34"><span class='ocrx_word' id='word_1_201' title='bbox 178 2375 281 2402; x_wconf 89' lang='lat' dir='ltr'><strong>cum</strong></span> <span class='ocrx_word' id='word_1_202' title='bbox 303 2362 492 2415; x_wconf 91' lang='lat' dir='ltr'><strong>impetu,</strong></span> <span class='ocrx_word' id='word_1_203' title='bbox 517 2362 694 2404; x_wconf 91' lang='lat' dir='ltr'><strong>obsedit</strong></span> <span class='ocrx_word' id='word_1_204' title='bbox 714 2375 816 2403; x_wconf 89' lang='lat' dir='ltr'><strong>eam</strong></span> <span class='ocrx_word' id='word_1_205' title='bbox 840 2363 902 2403; x_wconf 92' lang='lat' dir='ltr'><strong>ibi</strong></span> <span class='ocrx_word' id='word_1_206' title='bbox 925 2375 1006 2415; x_wconf 91' lang='lat' dir='ltr'><strong>per</strong></span> <span class='ocrx_word' id='word_1_207' title='bbox 1026 2362 1212 2415; x_wconf 92' lang='lat' dir='ltr'><strong>aliquod</strong></span> <span class='ocrx_word' id='word_1_208' title='bbox 1234 2367 1415 2416; x_wconf 89' lang='lat' dir='ltr'><strong>tempus</strong></span> <span class='ocrx_word' id='word_1_209' title='bbox 1431 2376 1442 2414; x_wconf 92' lang='lat'>;</span> <span class='ocrx_word' id='word_1_210' title='bbox 1461 2343 1638 2436; x_wconf 49' lang='grc' dir='ltr'><strong>ἓηιζιῖἓῗιῧὲῗ</strong></span> 
     </span>
    </p>
   </div>
   <div class='ocr_carea' id='block_1_10' title="bbox 177 2427 1443 2546">
    <p class='ocr_par' dir='ltr' id='par_1_20' title="bbox 177 2427 1443 2546">
     <span class='ocr_line' id='line_1_32' title="bbox 177 2427 1443 2480; baseline 0.002 -13"><span class='ocrx_word' id='word_1_211' title='bbox 177 2427 257 2467; x_wconf 90' lang='lat' dir='ltr'><strong>sed</strong></span> <span class='ocrx_word' id='word_1_212' title='bbox 288 2440 397 2468; x_wconf 84' lang='lat' dir='ltr'><strong>mox</strong></span> <span class='ocrx_word' id='word_1_213' title='bbox 433 2427 607 2480; x_wconf 85' lang='lat' dir='ltr'><strong>perfida</strong></span> <span class='ocrx_word' id='word_1_214' title='bbox 637 2427 825 2469; x_wconf 90' lang='lat' dir='ltr'><strong>credens</strong></span> <span class='ocrx_word' id='word_1_215' title='bbox 856 2428 1062 2477; x_wconf 87' lang='lat' dir='ltr'><strong>consilia,</strong></span> <span class='ocrx_word' id='word_1_216' title='bbox 1087 2427 1334 2469; x_wconf 91' lang='lat' dir='ltr'><strong>dicentium</strong></span> <span class='ocrx_word' id='word_1_217' title='bbox 1355 2441 1443 2469; x_wconf 78' lang='lat' dir='ltr'><strong>sm-</strong></span> 
     </span>
     <span class='ocr_line' id='line_1_33' title="bbox 177 2492 1441 2546; baseline 0.002 -13"><span class='ocrx_word' id='word_1_218' title='bbox 177 2492 285 2534; x_wconf 92' lang='lat' dir='ltr'><strong>licet</strong></span> <span class='ocrx_word' id='word_1_219' title='bbox 305 2493 390 2533; x_wconf 90' lang='lat' dir='ltr'><strong>sibi</strong></span> <span class='ocrx_word' id='word_1_220' title='bbox 421 2498 619 2534; x_wconf 87' lang='lat' dir='ltr'><strong>castrum</strong></span> <span class='ocrx_word' id='word_1_221' title='bbox 650 2493 763 2534; x_wconf 91' lang='lat' dir='ltr'><strong>illud</strong></span> <span class='ocrx_word' id='word_1_222' title='bbox 788 2505 888 2534; x_wconf 92' lang='lat' dir='ltr'><strong>esse</strong></span> <span class='ocrx_word' id='word_1_223' title='bbox 914 2493 1046 2546; x_wconf 88' lang='lat' dir='ltr'><strong>quasi</strong></span> <span class='ocrx_word' id='word_1_224' title='bbox 1069 2493 1441 2546; x_wconf 86' lang='lat' dir='ltr'><strong>inexpugnabile,</strong></span> 
     </span>
    </p>
   </div>
   <div class='ocr_carea' id='block_1_11' title="bbox 178 2559 1624 2612">
    <p class='ocr_par' dir='ltr' id='par_1_21' title="bbox 178 2559 1624 2612">
     <span class='ocr_line' id='line_1_34' title="bbox 178 2559 1624 2612; baseline 0.006 -14"><span class='ocrx_word' id='word_1_225' title='bbox 178 2559 373 2599; x_wconf 87' lang='lat' dir='ltr'><strong>retraxit</strong></span> <span class='ocrx_word' id='word_1_226' title='bbox 393 2571 457 2607; x_wconf 90' lang='lat' dir='ltr'><strong>se,</strong></span> <span class='ocrx_word' id='word_1_227' title='bbox 478 2563 524 2599; x_wconf 93' lang='lat' dir='ltr'><strong>et</strong></span> <span class='ocrx_word' id='word_1_228' title='bbox 545 2571 645 2600; x_wconf 89' lang='lat' dir='ltr'><strong>eam</strong></span> <span class='ocrx_word' id='word_1_229' title='bbox 672 2559 797 2599; x_wconf 87' lang='lat' dir='ltr'><strong>abire</strong></span> <span class='ocrx_word' id='word_1_230' title='bbox 827 2559 1033 2611; x_wconf 88' lang='lat' dir='ltr'><strong>permisit</strong></span> <span class='ocrx_word' id='word_1_231' title='bbox 1053 2571 1199 2612; x_wconf 90' lang='lat' dir='ltr'><strong>usque</strong></span> <span class='ocrx_word' id='word_1_232' title='bbox 1229 2559 1442 2602; x_wconf 83' lang='lat' dir='ltr'><strong>Bristow.</strong></span> <span class='ocrx_word' id='word_1_233' title='bbox 1462 2579 1582 2612; x_wconf 65' lang='lat' dir='ltr'><strong>mape-</strong></span> <span class='ocrx_word' id='word_1_234' title='bbox 1595 2582 1624 2606; x_wconf 82' lang='lat' dir='ltr'><strong>to</strong></span> 
     </span>
    </p>
   </div>
   <div class='ocr_carea' id='block_1_12' title="bbox 178 2612 1646 2678">
    <p class='ocr_par' dir='ltr' id='par_1_22' title="bbox 178 2612 1646 2678">
     <span class='ocr_line' id='line_1_35' title="bbox 178 2612 1646 2678; baseline 0.005 -13"><span class='ocrx_word' id='word_1_235' title='bbox 178 2624 434 2677; x_wconf 91' lang='lat' dir='ltr'><strong>Statimque</strong></span> <span class='ocrx_word' id='word_1_236' title='bbox 457 2625 686 2666; x_wconf 87' lang='lat' dir='ltr'><strong>concurrit</strong></span> <span class='ocrx_word' id='word_1_237' title='bbox 706 2624 764 2665; x_wconf 92' lang='lat' dir='ltr'><strong>ad</strong></span> <span class='ocrx_word' id='word_1_238' title='bbox 793 2637 894 2665; x_wconf 90' lang='lat' dir='ltr'><strong>eam</strong></span> <span class='ocrx_word' id='word_1_239' title='bbox 915 2623 1171 2677; x_wconf 85' lang='lat' dir='ltr'><strong>Anglorum</strong></span> <span class='ocrx_word' id='word_1_240' title='bbox 1199 2625 1443 2667; x_wconf 87' lang='lat' dir='ltr'><strong>multitudo</strong></span> <span class='ocrx_word' id='word_1_241' title='bbox 1462 2612 1646 2678; x_wconf 47' lang='lat' dir='ltr'><strong>ssffssisskffi?</strong></span> 
     </span>
    </p>
   </div>
   <div class='ocr_carea' id='block_1_13' title="bbox 1462 2680 1647 2737">
    <p class='ocr_par' dir='ltr' id='par_1_23' title="bbox 1462 2680 1647 2737">
     <span class='ocr_line' id='line_1_36' title="bbox 1462 2680 1647 2710; baseline 0.011 -7"><span class='ocrx_word' id='word_1_242' title='bbox 1462 2684 1546 2710; x_wconf 78' lang='lat' dir='ltr'><strong>many</strong></span> <span class='ocrx_word' id='word_1_243' title='bbox 1559 2680 1590 2704; x_wconf 84' lang='lat' dir='ltr'><strong>of</strong></span> <span class='ocrx_word' id='word_1_244' title='bbox 1599 2680 1647 2705; x_wconf 80' lang='lat' dir='ltr'><strong>the</strong></span> 
     </span>
     <span class='ocr_line' id='line_1_37' title="bbox 1462 2711 1571 2737; baseline 0 0"><span class='ocrx_word' id='word_1_245' title='bbox 1462 2711 1571 2737; x_wconf 70' lang='lat' dir='ltr'><strong>barone.</strong></span> 
     </span>
    </p>
   </div>
   <div class='ocr_carea' id='block_1_14' title="bbox 177 2728 1305 2817">
    <p class='ocr_par' dir='ltr' id='par_1_24' title="bbox 177 2728 1305 2817">
     <span class='ocr_line' id='line_1_38' title="bbox 226 2728 1305 2772; baseline 0.003 -11"><span class='ocrx_word' id='word_1_246' title='bbox 226 2730 235 2748; x_wconf 94' lang='lat'>¹</span> <span class='ocrx_word' id='word_1_247' title='bbox 259 2730 341 2761; x_wconf 82' lang='lat' dir='ltr'><strong>This</strong></span> <span class='ocrx_word' id='word_1_248' title='bbox 363 2731 440 2762; x_wconf 83' lang='lat' dir='ltr'><strong>date</strong></span> <span class='ocrx_word' id='word_1_249' title='bbox 455 2730 578 2762; x_wconf 76' lang='lat' dir='ltr'><strong>relates</strong></span> <span class='ocrx_word' id='word_1_250' title='bbox 593 2734 626 2762; x_wconf 91' lang='lat' dir='ltr'><strong>to</strong></span> <span class='ocrx_word' id='word_1_251' title='bbox 641 2730 697 2762; x_wconf 87' lang='lat' dir='ltr'><strong>the</strong></span> <span class='ocrx_word' id='word_1_252' title='bbox 712 2740 792 2770; x_wconf 84' lang='lat' dir='ltr'><strong>cap·</strong></span> <span class='ocrx_word' id='word_1_253' title='bbox 875 2728 888 2747; x_wconf 80' lang='lat'><em>²</em></span> <span class='ocrx_word' id='word_1_254' title='bbox 909 2731 919 2748; x_wconf 85' lang='lat'>‘</span> <span class='ocrx_word' id='word_1_255' title='bbox 931 2731 998 2772; x_wconf 85' lang='lat' dir='ltr'><strong>ex‚’</strong></span> <span class='ocrx_word' id='word_1_256' title='bbox 1015 2731 1088 2763; x_wconf 90' lang='lat' dir='ltr'><strong>MS.</strong></span> <span class='ocrx_word' id='word_1_257' title='bbox 1107 2731 1195 2763; x_wconf 89' lang='lat' dir='ltr'><strong>Coll.</strong></span> <span class='ocrx_word' id='word_1_258' title='bbox 1210 2731 1305 2765; x_wconf 84' lang='lat' dir='ltr'><strong>Arm.</strong></span> 
     </span>
     <span class='ocr_line' id='line_1_39' title="bbox 177 2777 784 2817; baseline 0.003 -10"><span class='ocrx_word' id='word_1_259' title='bbox 177 2780 250 2808; x_wconf 89' lang='lat' dir='ltr'><strong>ture</strong></span> <span class='ocrx_word' id='word_1_260' title='bbox 264 2777 301 2808; x_wconf 79' lang='lat' dir='ltr'><strong>of</strong></span> <span class='ocrx_word' id='word_1_261' title='bbox 312 2777 405 2817; x_wconf 86' lang='lat' dir='ltr'><strong>King</strong></span> <span class='ocrx_word' id='word_1_262' title='bbox 420 2777 567 2816; x_wconf 87' lang='lat' dir='ltr'><strong>Stephen</strong></span> <span class='ocrx_word' id='word_1_263' title='bbox 583 2781 618 2808; x_wconf 89' lang='lat' dir='ltr'><strong>at</strong></span> <span class='ocrx_word' id='word_1_264' title='bbox 634 2777 784 2809; x_wconf 86' lang='lat' dir='ltr'><strong>Lincoln.</strong></span> 
     </span>
    </p>
   </div>
  </div>
 </body>
</html>
