1866 3186
512 253 600 295 336
1012 261 1289 293 01111οΝ10οΝ

316 381 414 412 fleury
429 379 484 405 111.
515 369 544 387 “
557 364 723 406 Nonne
736 363 1020 418 praedixitibi
1029 365 1294 406 seditionem
1309 364 1467 418 populi
1478 364 1617 419 hujus
1626 364 1677 405 'P’
1692 363 1772 405 ad-

314 414 349 438 A'
362 413 395 438 D'
410 413 485 438 ¹²⁷¹'
508 429 714 484 jecitque
732 430 789 471 ad
807 430 921 480 haec,
935 433 965 452 “
976 429 1248 471 Confortare
1263 435 1416 471 tamen
1431 436 1477 472 et
1492 431 1584 471 noli
1597 431 1772 479 timere,

515 496 731 550 quoniam
747 508 806 536 ex
819 496 910 537 isto
930 508 1105 536 veneno
1130 508 1220 536 non
1241 496 1491 537 morieris.’'
1533 495 1774 537 Vocantur

515 574 624 614 ergo
667 561 913 614 chirurgici
953 566 998 602 et
1032 561 1364 602 medicamenta
1401 562 1656 615 imponunt,
1692 560 1772 601 sed

515 631 621 680 post
657 627 753 667 dies
786 639 960 679 paucos
991 626 1197 668 videntes
1229 626 1542 679 denigrescere
1572 638 1771 674 carnem,

515 693 874 733 mussitaverunt
903 693 1020 732 inter
1050 705 1115 742 se,
1145 705 1227 733 nec
1259 697 1358 733 erat
1392 692 1488 733 ulla
1522 691 1686 733 laetitia
1725 692 1772 732 in

516 758 687 811 populo
709 770 818 805 suo3
843 757 964 811 quod
982 757 1058 798 ille
1074 757 1357 811 perpendens
1372 758 1490 798 dixit
1502 758 1583 808 eis,
1605 761 1634 780 “
1650 756 1774 807 Quid

517 828 588 864 est
611 823 732 876 quod
753 823 1023 872 mussitatis,
1046 835 1195 863 nonne
1217 824 1368 864 sanari
1393 824 1611 876 possum'e
1636 822 1773 863 dicite

517 888 643 938 mihi,
661 901 743 930 nec
767 889 965 929 timeatis
980 888 1023 929 :’'
1054 893 1100 929 et
1121 888 1186 929 ait
1214 901 1348 938 unus,
1373 889 1555 929 natione
1574 887 1772 940 Anglus,

519 957 549 975 “
565 954 727 995 Curari
741 957 753 975 ‘
768 953 929 1006 potes’l
949 954 1026 994 sed
1050 958 1231 1006 oportet
1246 958 1291 994 te
1308 954 1423 994 dura
1438 953 1536 1006 pati
1553 951 1591 995 :’'
1611 958 1656 995 et
1678 953 1771 1002 ille,

520 1023 549 1040 “
564 1018 612 1060 Si
633 1031 797 1072 passus
815 1018 996 1072 quidem
1017 1019 1145 1059 fuero
1169 1019 1387 1071 numquid
1408 1020 1650 1060 sanitatem
1666 1031 1772 1072 pro-

519 1084 661 1125 mittis
675 1084 731 1125 ‘?”
763 1088 808 1124 et
829 1084 909 1134 ait,
932 1087 961 1106 “
980 1084 1206 1125 Promitto
1226 1084 1421 1137 quidem,
1443 1089 1488 1125 et
1517 1086 1602 1125 sub
1633 1096 1774 1138 poena

519 1150 683 1203 capitis
707 1149 796 1190 mei
811 1150 861 1189 :’'
894 1155 939 1191 et
958 1150 1039 1200 ait,
1070 1153 1099 1172 “
1115 1149 1362 1191 Committo
1388 1163 1497 1202 ergo
1518 1163 1589 1191 me
1609 1151 1706 1198 tibi,
1727 1155 1774 1191 et

519 1219 531 1237 ‘
547 1228 711 1256 exerce
729 1215 763 1237 '²
797 1228 1083 1268 quaecunque
1103 1215 1301 1256 volueris
1319 1215 1369 1266 ;'’
1390 1220 1434 1256 et
1462 1215 1554 1265 ille,
1580 1219 1609 1238 “
1629 1216 1674 1256 N
1677 1229 1772 1256 um-

520 1280 629 1334 quid
663 1285 772 1321 sunt
804 1281 947 1334 aliqui
981 1294 1041 1321 ex
1074 1281 1367 1333 magnatibus
1403 1281 1493 1322 tuis
1527 1282 1574 1322 in
1609 1281 1773 1334 quibus

519 1346 709 1387 confidis
723 1346 779 1387 ?''
797 1351 846 1387 at
866 1347 942 1387 ille
955 1345 1207 1387 nominavit
1225 1346 1392 1387 multos
1409 1359 1466 1386 ex
1483 1346 1774 1387 circumstan-

519 1412 672 1460 tibus3
706 1412 1104 1452 circumsteterunt
1127 1412 1245 1451 enim
1274 1423 1376 1451 eum
1400 1418 1639 1463 magnates
1672 1411 1774 1464 plu-

520 1477 621 1517 rimi
641 1489 743 1517 cum
773 1489 920 1517 uxore
947 1489 1057 1517 sua:
1093 1481 1138 1516 et
1167 1476 1232 1516 ait
1258 1476 1437 1516 duobus
1461 1476 1606 1529 primo
1629 1477 1772 1517 nomi-

520 1542 656 1592 natis,
717 1541 899 1582 domino
956 1541 1130 1582 scilicet
1195 1541 1436 1582 Edmundo
1487 1545 1534 1582 et
1592 1541 1774 1583 domino

520 1607 550 1648 J
555 1607 722 1648 ohanni
761 1607 817 1647 de
859 1606 1027 1660 Vescy,
1069 1605 1348 1659 “Numquid
1384 1611 1432 1647 et
1468 1619 1550 1648 vos
1585 1607 1775 1660 diligitis

520 1672 751 1719 dominum
780 1672 1046 1713 vestrum3”
1083 1677 1129 1712 et
1163 1671 1376 1712 dixerunt
1410 1672 1693 1725 “Utique:''
1730 1677 1776 1714 et

523 1738 604 1787 ait,
634 1741 663 1759 “
681 1737 853 1779 Tollite
885 1751 994 1790 ergo
1016 1737 1247 1778 mulierem
1278 1737 1395 1778 hanc
1429 1742 1476 1778 et
1511 1750 1601 1779 non
1619 1738 1776 1779 videat

523 1815 623 1844 eam
645 1803 854 1844 dominus
877 1803 977 1857 ejus
1001 1815 1239 1856 quousque
1261 1803 1420 1844 dixero
1445 1803 1575 1845 vobis
1591 1804 1641 1851 ;''
1661 1804 1774 1845 tule-

523 1874 631 1910 runt
651 1881 759 1921 ergo
778 1881 877 1910 eam
903 1868 1084 1909 flentem
1107 1873 1152 1909 et
1171 1868 1443 1922 ejulantem;
1477 1873 1522 1909 et
1545 1869 1775 1920 dixerunt,

526 1938 555 1956 “
575 1934 698 1983 Sine,
728 1934 926 1982 domina,
957 1934 1118 1974 melius
1144 1938 1215 1973 est
1250 1933 1370 1985 quod
1390 1938 1439 1973 tu
1469 1933 1675 1974 effundas
1706 1935 1775 1975 la-

526 1999 737 2052 chrymas
758 2011 894 2051 quam
917 1999 1038 2051 quod
1059 1998 1366 2052 lachrymetur
1386 2003 1486 2039 tota
1506 2003 1626 2039 terra
1645 1998 1775 2052 Ang-

527 2063 745 2114 licana;’'
782 2076 915 2104 mane
948 2068 1101 2104 autem
1136 2062 1258 2104 facto
1298 2063 1456 2104 incidit
1492 2063 1775 2116 denigratam

527 2141 708 2170 carnem
743 2128 916 2169 brachii
948 2129 1020 2168 sui
1058 2134 1104 2169 et
1139 2128 1330 2182 projecit
1369 2142 1424 2169 ex
1462 2133 1589 2180 toto;
1620 2135 1666 2170 et
1695 2130 1775 2180 ait,

529 2194 861 2244 “Consortare,
897 2194 1111 2247 quoniam
1146 2194 1362 2247 promitto
1392 2194 1477 2235 tibi
1510 2194 1631 2246 quod
1658 2195 1777 2236 infra

530 2271 614 2301 xv.
650 2259 747 2301 dies
788 2259 1099 2300 manifestabis
1133 2263 1177 2299 te
1210 2263 1256 2300 et
1290 2272 1456 2311 equum
1494 2260 1776 2302 ascendes:''

529 2325 766 2378 tenuitque
783 2324 903 2378 quod
924 2325 1147 2378 promisit,
1163 2329 1209 2365 et
1225 2324 1434 2365 admirati
1446 2330 1554 2366 sunt
1565 2325 1777 2366 universi.

530 2390 738 2443 Cumque
751 2390 977 2430 diceretur
992 2390 1076 2430 hoc
1092 2402 1259 2442 magno
1274 2389 1487 2439 Soldano,
1502 2390 1779 2431 Edwardum

529 2455 703 2496 scilicet
737 2468 835 2496 esse
871 2455 1179 2508 superstitem,
1211 2455 1289 2511 vix
1327 2454 1460 2495 fidem
1493 2455 1711 2505 adhibuit,
1733 2460 1780 2496 et

529 2521 715 2561 mittens
737 2533 794 2561 ex
818 2520 913 2561 suis
940 2526 1033 2560 tres
1059 2520 1286 2573 principes
1308 2532 1516 2573 magnos,
1540 2521 1783 2562 excusavit

527 2598 593 2635 se,
631 2585 739 2627 deos
778 2598 886 2626 suos
919 2590 1142 2626 attestans
1178 2585 1298 2638 quod
1334 2598 1413 2638 per
1445 2598 1493 2626 se
1531 2585 1601 2626 vel
1632 2586 1776 2639 ipsius

577 2732 585 2749 ¹
609 2735 618 2751 ‘
636 2735 771 2774 quidem
788 2734 906 2774 potes‚'
922 2734 998 2766 MS.
1017 2733 1140 2765 Lansd.
1160 2731 1166 2770 Ι
1208 2731 1221 2750 ²
1244 2733 1420 2773 ‘exterse,'
1436 2733 1511 2767 MS.
1530 2733 1652 2765 Lansd.
