1866 3186
234 388 320 413 John.

192 423 224 447 Α.
241 422 275 446 D.
291 422 366 446 1205.

393 265 481 306 244
883 276 1162 307 cmzomcon

459 388 661 441 Qoewmodo
687 388 863 431 Ordines
883 389 1215 431 Praedioacorum
1233 395 1271 431 et
1291 389 1508 431 Minorwn
1527 387 1593 428 in-

931 461 1136 510 ceperum.

467 552 772 606 Temporibus
801 553 936 594 istius
971 553 1094 606 regis
1131 552 1161 594 J
1165 552 1358 593 ohannis
1397 553 1663 604 inceperunt

401 617 492 659 duo
514 619 620 660 novi
641 619 836 667 ordines,
860 618 1220 660 Praedicatorum
1250 617 1425 658 scilicet
1444 621 1491 657 et
1510 616 1661 657 Mino-

182 715 379 742 ‘rhemens
400 697 514 726 rum.
611 684 829 726 Ordinem
880 697 990 726 vero
1040 684 1253 725 Fratrum
1299 682 1660 724 Praedicatorum

184 749 354 775 Dominican

182 783 277 808 Friars

182 815 343 841 instituted.

399 749 570 802 incepit
617 751 779 792 beatus
828 750 1098 791 Dominicus
1146 750 1192 790 in
1239 749 1447 802 partibus
1493 746 1665 788 Tholo-

400 816 527 856 sanis
545 816 623 856 ubi
642 821 802 857 contra
821 814 1081 857 hoereticos¹
1099 819 1365 856 constanter
1384 813 1665 867 praedicabat

401 882 541 922 verbo
559 886 606 922 et
630 881 870 935 exemplo:
904 894 1099 934 cumque
1128 881 1370 922 mansisset
1399 879 1564 920 ibidem
1587 878 1664 918 de-

402 959 499 987 cem
521 947 653 987 annis
675 947 968 1000 praedicando
989 952 1036 988 et
1058 946 1311 1000 colligendo
1335 945 1499 986 fratres
1519 957 1663 996 usque

403 1011 462 1052 ad
504 1017 684 1065 tempus
727 1025 819 1065 quo
868 1012 1177 1054 Lateranense
1214 1011 1469 1053 Concilium
1507 1009 1666 1051 debuit

404 1077 624 1118 celebrari
643 1090 747 1118 cum
782 1077 986 1119 Fulcone
1017 1077 1282 1119 Tholosano
1315 1077 1530 1130 episcopo
1567 1075 1664 1116 Ro-

404 1155 526 1184 mam
573 1143 630 1183 ad
672 1143 914 1185 concilium
958 1143 1171 1196 generale
1211 1142 1341 1192 adiit,
1376 1142 1599 1195 petiitque
1636 1154 1664 1182 a

404 1209 590 1249 domino
632 1221 755 1263 papa
809 1209 1080 1250 Innocentio
1132 1209 1270 1250 tertio
1323 1208 1544 1257 ordinem,
1585 1207 1663 1260 qui

406 1274 770 1316 Praedicatorum
791 1274 1018 1316 diceretur
1037 1279 1084 1315 et
1107 1280 1243 1323 esset,
1264 1273 1523 1315 confirmari
1543 1286 1553 1314 :
1586 1273 1664 1326 qui

405 1352 508 1381 cum
530 1340 866 1393 aliquantulum
895 1353 944 1381 se
974 1339 1198 1380 difficilem
1221 1339 1279 1380 ad
1301 1339 1385 1379 hoc
1408 1338 1665 1380 faciendum

405 1405 657 1454 exhiberet,
697 1410 831 1446 nocte
880 1406 1077 1459 quadam
1124 1405 1244 1446 idem
1288 1417 1409 1458 papa
1455 1404 1572 1445 vidit
1620 1403 1666 1444 in

405 1471 575 1511 somnis
599 1470 721 1524 quod
748 1470 1072 1512 Lateranensis
1093 1471 1287 1511 ecclesia
1306 1482 1494 1522 gravem
1514 1469 1667 1510 subito

405 1536 583 1576 ruinam
604 1537 869 1578 minaretur.
931 1536 1067 1587 Quod
1086 1536 1193 1577 dum
1214 1541 1413 1577 tremens
1428 1535 1668 1588 aspiceret,

405 1614 465 1642 ex
487 1601 679 1643 adverso
699 1602 770 1643 vir
791 1602 879 1642 Dei
909 1601 1177 1643 Dominicus
1198 1606 1211 1624 ‘
1229 1599 1552 1650 accurrebat,’²
1582 1600 1666 1641 hu-

405 1668 631 1720 merisque
666 1668 933 1721 suppositis,
956 1672 1102 1709 totam
1134 1667 1260 1709 illam
1291 1679 1502 1708 casuram
1525 1665 1664 1707 fabri-

404 1746 505 1773 cam
540 1734 861 1775 sustentabat:
900 1733 1124 1786 evigilans
1168 1738 1321 1775 autem
1358 1739 1404 1775 et
1438 1733 1661 1774 visionem

404 1798 682 1851 intelligens,
720 1799 985 1852 petitionem
1015 1800 1102 1840 viri
1141 1799 1230 1840 Dei
1265 1799 1470 1840 hilariter
1501 1811 1663 1852 accep-

406 1865 549 1916 tavit;
580 1865 770 1906 hortans
794 1869 846 1906 ut
863 1865 921 1905 ad
944 1865 1109 1906 fratres
1129 1877 1238 1906 suos
1260 1865 1436 1905 rediens
1457 1865 1663 1916 regulam

405 1929 606 1982 aliquam
650 1931 950 1983 approbatam
999 1930 1085 1970 sibi
1130 1930 1367 1982 eligerent,
1408 1936 1454 1971 et
1497 1930 1563 1970 sic
1605 1930 1662 1971 ad

404 1994 555 2047 ipsum
605 1995 782 2035 rediens
824 1995 1216 2036 confirmationem
1261 1995 1318 2036 ad
1368 1995 1548 2036 libitum
1595 2009 1663 2036 re-

406 2064 623 2112 portaret.
684 2060 944 2113 Regressus
972 2061 1116 2113 igitun·
1142 2061 1330 2101 verbum
1359 2061 1524 2101 summi
1549 2073 1665 2114 pon-

407 2124 542 2166 tificis
584 2125 802 2166 fratribus
848 2125 1088 2179 patefecit;
1134 2131 1264 2167 erant
1305 2131 1456 2167 autem
1499 2126 1664 2168 fratres

406 2202 594 2231 numero
623 2191 803 2233 circiter
825 2202 926 2233 xvi.
951 2192 1029 2245 qui
1052 2192 1267 2233 invocato
1297 2191 1471 2246 Spiritu
1496 2192 1664 2234 Sancto

405 2256 609 2309 regulam
631 2257 755 2298 beati
785 2256 1034 2310 Augustini
1052 2257 1252 2298 doctoris
1274 2263 1320 2298 et
1351 2257 1665 2310 praedicatoris

405 2322 579 2375 egregii
599 2322 686 2375 ipsi
706 2323 878 2375 pariter
905 2327 951 2364 et
972 2336 1019 2364 re
1043 2327 1089 2364 et
1118 2322 1298 2364 nomine
1328 2322 1664 2365 Praedicatores

406 2387 683 2429 unanimiter
704 2388 967 2441 elegerunt3
1002 2392 1014 2408 ‘
1035 2386 1304 2442 quasdam'³
1324 2389 1533 2429 arctioris
1554 2390 1663 2430 vitae

404 2453 759 2495 consuetudines
802 2466 916 2507 quas
957 2454 1044 2494 sibi
1089 2466 1169 2507 per
1211 2453 1403 2495 formam
1438 2455 1662 2496 constitu-

403 2518 575 2558 tionum
627 2519 936 2561 observandas
983 2523 1259 2568 statuerunt,
1302 2519 1488 2573 insuper
1535 2533 1665 2561 assu-

449 2689 456 2706 ¹
481 2689 552 2719 The
568 2689 782 2728 Albigenses.
1094 2688 1109 2709 ³
1131 2691 1141 2707 ‘
1154 2689 1355 2729 cujusdam‚’
1372 2689 1446 2721 MS.
1457 2688 1544 2720 Coll.
1555 2690 1661 2729 Arm.;

450 2731 462 2748 ⁹
484 2735 493 2751 ⁴
505 2732 748 2774 concurrebat,'
761 2735 836 2767 MS.
850 2735 973 2767 Lansd.
1028 2706 1056 2773 Ι(
1067 2736 1212 2774 quadam
1229 2736 1329 2774 vero‚'
1346 2735 1419 2766 MS.
1438 2735 1561 2766 Lansd.
