1866 3186
410 248 496 290 154
896 256 1175 288 cnnomcoN

217 382 338 408 menna
353 382 377 407 1,
411 360 600 402 tandem>
648 359 817 401 laboris
859 359 1170 406 intolerantia·
1191 364 1546 413 sumptuumque
1586 371 1665 412 pe·

213 416 383 440 nuum.
411 427 544 467 nuria
575 426 782 479 elanguit
811 430 948 478 atque
970 424 1175 475 defluxit,
1197 430 1249 466 ut
1277 425 1404 466 nulla
1431 438 1480 467 re
1500 437 1667 466 memo-

412 492 544 533 rabili
586 496 599 514 ‘
619 488 771 541 facta‚’
788 489 802 512 ¹
846 490 1209 543 contemptibiles
1255 503 1315 532 ex
1366 502 1421 532 eo
1462 490 1666 543 reliquiae

413 557 697 599 Palestinam
718 569 822 599 cum
841 555 956 598 duce
974 560 1226 597 memorato
1245 555 1423 597 venisse
1442 556 1666 598 dicantur.

412 623 520 674 Qui,
544 623 745 677 paternis
779 622 959 664 ossibus
991 622 1114 675 apud
1148 621 1323 675 Tyrum
1355 634 1459 662 cum
1488 621 1665 662 decenti

189 702 366 742 591129111122.
409 689 581 730 honore
618 689 824 742 sepultis,
854 687 1028 729 militiae
1062 687 1333 729 Christianae
1361 699 1464 740 quae
1496 685 1667 728 Acram

190 736 392 795 ffiffissssm’
409 755 648 796 obsidebat
677 768 780 796 cum
810 754 933 795 omni
966 754 1189 795 comitatu
1226 752 1470 807 adjunctus
1499 752 1665 794 ibidem

409 826 514 873 post
562 820 790 868 modicum
833 824 1015 873 tempus
1060 820 1220 860 morbo
1269 817 1447 859 defecit.
1525 817 1666 858 Hunc

408 886 543 926 finem
577 885 756 927 occulto
791 885 879 926 Dei
913 884 1088 939 judicio
1118 884 1333 925 habuisse
1362 884 1566 924 noscitur
1595 883 1663 924 fa-

409 964 537 992 mosa
555 951 637 992 illa
657 950 899 991 Teutonici
921 950 1210 1003 imperatoris
1231 949 1480 1003 expeditio.

510 1082 636 1162 Regjes
654 1106 784 1149 nostri
803 1112 996 1148 venerunt
1016 1106 1227 1156 Siciliam,
1244 1111 1281 1148 et
1304 1106 1394 1148 Rem
1411 1105 1576 1162 Angliae

774 1172 1023 1227 eoepuynavit
1041 1172 1293 1214 Messanam.

475 1272 695 1326 Sequenti
759 1278 936 1324 aestate,
991 1286 1112 1315 anno
1176 1286 1205 1314 a
1265 1278 1402 1327 partu
1462 1273 1668 1326 Virginis

409 1349 576 1380 M.cxc.
611 1339 814 1380 illustres
852 1339 1132 1380 Francorum
1169 1343 1216 1380 et
1251 1338 1507 1392 Anglorum
1537 1339 1667 1391 reges

408 1404 495 1445 iter
534 1403 565 1445 J
569 1404 953 1458 erosolymitanae‚
995 1404 1289 1457 profectionis
1331 1404 1525 1458 ingressi
1564 1417 1667 1445 cum
1722 1434 1726 1438 .

409 1473 635 1522 apparatu
677 1482 881 1522 congruo
923 1474 969 1511 et
1013 1470 1218 1511 exercitu
1254 1470 1439 1523 copioso
1475 1474 1667 1511 ‘conve-

193 1534 596 1595 {ffnfflfflfnerunt’
611 1533 627 1556 ²
666 1533 959 1585 Marsiliam,³
994 1536 1072 1576 ubi
1105 1548 1187 1576 rex
1229 1535 1512 1577 Francorum
1545 1535 1670 1588 prior

194 1602 385 1667 ssssssslffifyfflss
410 1613 511 1641 cum
555 1600 651 1640 suis
691 1601 850 1654 copiis,
897 1601 1151 1641 autumnali
1198 1605 1418 1654 tempore,
1460 1601 1669 1642 secundis

410 1665 597 1706 flatibus
631 1666 871 1718 navigavit
907 1666 980 1706 ‘in
1012 1665 1287 1707 Siciliam:’4
1317 1679 1400 1707 rex
1433 1678 1541 1707 vero
1571 1665 1667 1706 An-

409 1730 590 1782 glorum
626 1743 708 1783 per
749 1731 935 1784 aliquod
970 1736 1153 1784 tempus
1188 1731 1357 1772 ibidem
1391 1730 1669 1781 demoratus,

409 1795 593 1836 tandem
616 1796 762 1837 classe
785 1797 939 1837 soluta
959 1797 1075 1838 mari
1096 1809 1145 1838 se
1166 1801 1179 1818 ‘
1194 1796 1414 1846 credidit,'
1430 1794 1446 1818 ⁵
1466 1796 1670 1849 flatuque

410 1860 638 1902 arridente
677 1862 731 1902 in‘
765 1862 962 1902 insulam
1002 1862 1194 1903 eandem
1225 1862 1423 1904 devenit.
1493 1861 1667 1903 Verum

409 1938 490 1966 rex
518 1926 742 1976 Franciae‚
766 1927 845 1979 qui
867 1930 880 1948 ‘
896 1927 1021 1979 prior
1034 1921 1070 1948 '⁶
1090 1927 1352 1977 advenerat,
1370 1931 1381 1948 ‘
1401 1927 1665 1968 Messanam

409 1991 568 2031 urbem
589 1991 887 2033 clarissimam
914 1992 972 2033 ad
1003 1991 1295 2033 hiemandum
1323 1992 1479 2045 elegit,
1507 1997 1669 2034 etcum

409 2056 578 2108 gaudio
608 2069 636 2098 a
657 2057 833 2098 civibus
867 2063 1088 2110 exceptus
1120 2057 1248 2099 est.'⁷
1319 2058 1525 2111 Sequens
1564 2071 1670 2099 vero

458 2160 466 2178 ¹
491 2162 642 2193 Omitted
657 2163 690 2192 in
706 2162 784 2193 MS.
801 2162 890 2194 Cott.
906 2163 982 2195 Tib.

455 2206 469 2226 ²
493 2208 502 2225 ‘
513 2208 695 2247 venerunt,'
711 2208 787 2239 MS.
804 2208 892 2240 Cott.
907 2208 983 2240 Tib.

1056 2163 1201 2195 reached
1225 2164 1416 2195 Marseilles
1439 2173 1481 2194 on
1504 2164 1560 2195 the
1583 2164 1672 2195 22nd

1056 2209 1095 2240 of
1114 2210 1262 2250 August,
1284 2211 1388 2241 about
1412 2209 1563 2241 fourteen
1586 2210 1671 2249 days

456 2251 470 2270 ³
490 2253 561 2285 The
583 2256 651 2285 two
676 2254 776 2294 kings
799 2255 918 2293 parted
934 2264 1021 2285 com-

410 2309 499 2339 pany
514 2303 549 2330 at
566 2300 689 2339 Lyons,
705 2300 797 2339 King
813 2300 929 2339 Philip
944 2300 1021 2331 tak-

409 2345 467 2385 ing
489 2345 544 2376 the
567 2348 699 2376 nearest
720 2346 802 2376 road
833 2348 866 2376 to
890 2345 1022 2384 Genoa,

410 2391 476 2421 and
503 2391 651 2422 Richard
676 2391 877 2430 proceeding
899 2391 943 2430 by
966 2391 1022 2422 the

410 2436 520 2475 valley
532 2437 570 2467 of
579 2436 634 2467 the
647 2437 762 2467 Rhone
773 2439 807 2466 to
820 2436 1023 2476 Marseilles,

412 2482 491 2512 then
515 2492 536 2512 a
558 2482 628 2513 free
653 2483 720 2521 city
742 2482 1024 2522 acknowledging

411 2528 467 2558 the
495 2528 705 2567 sovereignty
732 2527 770 2559 of
790 2527 846 2559 the
871 2528 964 2568 King
990 2528 1028 2558 of

411 2574 577 2613 Arragon,
602 2573 727 2613 where,
757 2573 882 2613 having
917 2577 951 2604 to
980 2582 1023 2604 no

412 2629 558 2658 purpose
578 2619 702 2651 waited
729 2619 779 2650 for
802 2619 857 2650 the
882 2619 1023 2659 English

413 2665 486 2695 fleet
502 2665 630 2696 several
652 2665 748 2704 days,
769 2664 810 2695 he
827 2665 939 2704 finally
955 2675 1023 2696 em-

413 2710 541 2741 barked
567 2711 601 2740 in
627 2711 755 2742 vessels
782 2710 956 2741 furnisbed
979 2711 1022 2749 by

413 2755 468 2785 the
493 2756 713 2787 Marseillese.
763 2756 829 2786 His
852 2766 927 2786 own
950 2756 1025 2787 fleet

1056 2255 1143 2286 after
1158 2256 1200 2286 he
1216 2255 1283 2286 had
1298 2255 1359 2286 left
1373 2255 1445 2286 that
1454 2259 1539 2294 port.
1586 2256 1671 2296 Rog.

1057 2302 1099 2332 de
1123 2301 1300 2339 Hoveden,
1324 2301 1402 2332 Rer.
1427 2300 1516 2340 Ang.
1547 2300 1669 2340 script.

1057 2350 1133 2386 666,
1150 2349 1212 2377 673
1227 2357 1235 2384 ;
1260 2347 1455 2386 Brompton,
1473 2347 1565 2378 Hist.
1580 2347 1669 2387 Ang.

1057 2393 1179 2432 Script.
1198 2395 1298 2429 1173,
1311 2395 1408 2424 1179.

1103 2447 1115 2466 ⁴
1139 2449 1290 2480 Omitted
1306 2449 1340 2479 in
1357 2449 1432 2479 MS.
1450 2448 1539 2480 Cott.
1554 2449 1630 2480 Tib.

1106 2503 1118 2522 ³
1140 2506 1149 2522 ‘
1161 2505 1322 2545 tradidit,’
1340 2505 1415 2537 MS.
1432 2504 1524 2537 cott.
1539 2505 1616 2537 Tib.

1105 2559 1118 2580 ⁶
1141 2561 1150 2578 ‘
1164 2561 1279 2601 prius,’
1296 2561 1371 2592 MS.
1390 2560 1479 2592 Cott.
1495 2561 1571 2592 Tib.

1105 2615 1119 2639 ⁷
1141 2618 1150 2633 ‘
1161 2618 1196 2648 in
1211 2617 1404 2648 Messanam
1420 2618 1587 2647 civitatem
1604 2617 1670 2647 cla-

1059 2664 1226 2695 rissimam
1252 2672 1327 2694 cum
1356 2663 1480 2701 gaudio
1503 2662 1670 2700 excipitur

1059 2719 1079 2740 a
1103 2710 1245 2747 civibus,
1267 2709 1380 2747 ibique
1396 2708 1438 2738 ad
1457 2707 1668 2738 hiemandum

1060 2754 1184 2794 elegit,'
1202 2755 1276 2784 MS.
1294 2753 1381 2784 Cott.
1397 2753 1471 2783 Tib.
