1866 3186
377 286 465 328 182
814 295 822 302 ·
864 293 1140 324 canonicos

182 412 311 438 Richard
323 412 347 437 1.

175 447 207 471 Α.
223 446 258 470 D.
274 446 347 470 1191.

430 480 632 530 Quomodo
650 481 739 521 Rex
762 479 977 521 Ricardus
987 479 1184 535 processit
1202 484 1343 520 contra
1364 479 1601 519 Saracenos.

167 608 368 634 Affairsofthe
453 594 606 648 Igitur
639 606 748 647 rege
781 593 1062 634 Francorum
1094 606 1123 634 a
1154 593 1289 646 Syria
1315 592 1537 645 digresso,
1560 604 1641 632 rex

169 641 242 673 ω’
253 641 341 667 Lmd‘
386 659 643 713 Anglorum
686 659 733 700 in
776 659 888 700 urbe
930 663 1066 713 capta
1105 658 1275 699 fessum
1315 658 1647 711 aliquantisper

169 739 359 766 summram
387 726 623 767 recreabat
649 725 929 773 exercitum;
968 724 1098 766 affuit
1130 724 1310 765 tandem
1341 723 1438 764 dies
1467 735 1496 764 a
1519 723 1646 764 Sala-

169 772 495 844 {igiffisssordino
528 790 765 844 praefixus,
801 790 848 830 in
883 803 974 844 quo
1003 803 1086 831 nec
1120 791 1330 843 captivos
1363 788 1649 830 Christianos

171 839 363 871 ⁰⁸⁹¹‘⁰¹³t¹⁰¹¹'
390 857 607 907 restituit,
652 869 734 898 nec
784 856 1053 910 promissam
1100 856 1356 909 pecuniam,
1398 854 1647 895 secundum

175 934 298 960 menard
311 935 376 966 vute
392 922 515 976 quod
536 929 829 971 convenerat,
849 921 1003 963 solvit.
1053 921 1158 962 Rex
1180 927 1332 962 autem
1360 918 1649 973 Anglorum,¹

175 967 354 1026 ἐἶῗᾙεῖἶὲᾞῗ
394 1001 450 1029 ne
473 987 765 1029 deluderetur
784 987 1085 1041 inposterum,
1108 987 1165 1028 de
1188 986 1487 1028 nobilioribus
1510 985 1649 1026 Sara-

176 1034 276 1062 deam
397 1053 539 1100 cenis,
576 1065 692 1106 quos
732 1052 833 1093 loco
878 1053 1001 1105 pacti
1043 1059 1090 1093 et
1131 1052 1310 1093 nomine
1351 1051 1558 1092 obsidum
1603 1051 1650 1091 in

395 1118 625 1160 deditione
670 1117 870 1159 civitatis
912 1117 1172 1165 retinuerat,
1217 1117 1342 1158 mille
1385 1114 1650 1158 sexcentos²

178 1188 361 1253 ζῗὶξξὲέῡῦῑγθ-
395 1184 611 1225 decollari
646 1183 878 1236 praecepit.
949 1183 1145 1236 Propter
1177 1183 1300 1236 quod
1334 1183 1504 1224 factum
1535 1182 1655 1222 Tur-

181 1255 303 1281 Saladin.
396 1263 552 1291 corum
602 1249 764 1301 ingens
814 1250 861 1290 in
910 1261 1063 1301 regem
1113 1249 1346 1302 proprium
1401 1248 1655 1300 indignatio

396 1315 616 1363 efferbuit,
654 1328 708 1356 eo
745 1315 865 1367 quod
901 1320 1037 1368 pacto
1071 1327 1161 1355 non
1196 1327 1362 1367 parens
1396 1314 1461 1355 sic
1499 1317 1511 1336 ‘
1529 1312 1655 1354 sui’³

397 1386 444 1422 et
479 1380 653 1421 nobiles
693 1380 827 1421 valde
859 1379 1054 1433 juvenes
1087 1380 1345 1433 interempti
1384 1384 1506 1421 sunt.
1578 1377 1654 1419 Illi

397 1446 534 1487 etiam
580 1445 795 1487 Saraceni
830 1445 996 1498 quibus
1037 1451 1290 1487 castrorum
1325 1445 1655 1498 civitatumque

397 1511 607 1553 custodia
636 1511 1017 1561 committebatur,
1044 1511 1305 1565 hujusmodi
1335 1515 1544 1553 verentes
1578 1523 1654 1551 ex-

403 1577 619 1630 emplum,
658 1577 891 1618 custodias
938 1590 1047 1618 suas
1093 1577 1310 1618 Saladino
1359 1576 1654 1630 reliquerunt.

185 1643 386 1707 ᾒέᾒξῑξοῖξξὸ
403 1642 646 1684 Saladinus
676 1655 800 1691 vero,
821 1655 912 1684 non
935 1642 1170 1684 inveniens
1201 1643 1275 1683 cui
1303 1642 1418 1684 tales
1448 1642 1653 1683 commit-

186 1709 364 1735 ³¹¹d⁰³²³t¹⁰⁵·
405 1712 520 1749 teret
553 1708 802 1757 custodias,
840 1707 948 1749 fecit
982 1709 1123 1750 everti
1158 1709 1328 1750 multas
1366 1709 1576 1750 civitates
1611 1713 1657 1748 et

404 1778 572 1822 castra,
597 1779 840 1827 asportans
867 1774 1020 1815 omnia
1046 1779 1093 1815 et
1119 1775 1336 1828 populum
1363 1786 1655 1815 coacervans

189 1846 274 1876 Many
288 1845 378 1870 ofthe
407 1839 562 1892 Coepit
616 1840 755 1880 etiam
809 1838 1099 1881 Christianus
1154 1840 1383 1881 exercitus
1436 1839 1656 1893 paulatim

187 1879 384 1937 rcertlffidffine·
403 1905 663 1945 decrescere
717 1910 856 1957 atque
898 1905 1072 1945 minui:
1131 1906 1315 1958 quidam
1368 1906 1486 1946 enim
1536 1905 1657 1945 malo

405 1970 615 2022 exemplo
646 1969 768 2021 regis
802 1970 1098 2020 Francorum,
1121 1971 1304 2023 quidam
1330 1970 1587 2011 voluntarie
1611 1976 1657 2010 et

405 2034 668 2084 imbecilles,
687 2034 872 2088 quidam
904 2036 1042 2076 etiam
1072 2036 1370 2089 depauperati
1403 2036 1659 2076 necessario

407 2100 745 2153 repatriabant:
782 2106 888 2141 tunc
918 2114 999 2142 rex
1031 2100 1284 2154 Anglorum
1317 2102 1526 2155 proprios
1553 2114 1659 2154 ape-

406 2166 525 2206 riens
561 2165 800 2207 thesauros
835 2167 1003 2208 multos
1038 2167 1212 2208 nobiles
1248 2167 1443 2221 profusis
1473 2167 1661 2208 retinuit

405 2231 688 2284 sumptibus3
722 2232 840 2272 inter
857 2245 972 2285 quos
994 2232 1050 2273 de
1070 2233 1261 2286 imperio
1277 2233 1562 2274 Theutonico
1575 2232 1661 2273 fuit

454 2356 461 2374 ¹
486 2359 568 2390 This
591 2361 620 2390 is
645 2361 753 2391 stated
770 2361 955 2400 differently
973 2362 1015 2401 by
1051 2364 1132 2399 697;
1182 2362 1376 2401 Brompton,
1431 2361 1521 2392 Hist.
1571 2362 1660 2401 Ang.

408 2405 570 2436 Hoveden
586 2406 652 2436 and
669 2407 862 2446 Brompton,
874 2407 950 2438 who
966 2418 1018 2438 as-
1052 2408 1174 2446 Script.
1194 2410 1286 2438 1212.

407 2454 474 2481 sert
490 2451 561 2482 that
571 2452 626 2483 the
642 2462 808 2484 massacre
819 2463 891 2484 was
907 2454 1016 2493 begun
1096 2451 1108 2469 ²
1119 2453 1210 2484 -This
1234 2454 1263 2484 is
1286 2453 1385 2484 much
1411 2453 1519 2484 below
1535 2453 1590 2484 the
1607 2463 1661 2493 ge-

409 2497 449 2535 by
469 2497 606 2528 Saladin
632 2508 674 2528 on
699 2499 835 2538 Sunday
857 2499 911 2530 the
940 2500 1016 2530 18th
1051 2500 1142 2530 ueral
1173 2502 1358 2531 statement.
1405 2498 1553 2530 Vinsauf
1581 2499 1660 2530 esti-

407 2543 444 2572 of
457 2543 603 2582 August,
619 2544 684 2574 and
701 2545 771 2575 that
795 2545 942 2575 Richard
958 2545 1014 2576 did
1051 2549 1155 2576 mates
1185 2545 1240 2576 the
1279 2545 1417 2576 number
1445 2545 1484 2576 of
1515 2545 1600 2575 slain
1624 2547 1659 2575 at

408 2591 463 2618 not
477 2593 616 2620 execute
633 2590 687 2620 the
704 2590 773 2621 like
789 2591 958 2630 barbarity
975 2601 1015 2622 on
1050 2593 1147 2630 2700,
1194 2591 1358 2622 Hoveden
1387 2595 1422 2621 nt
1460 2594 1557 2630 5000,
1595 2590 1660 2621 and

407 2634 461 2663 the
473 2634 635 2666 Saracens
651 2636 684 2666 in
696 2636 748 2667 his
761 2638 949 2675 possession
965 2638 1016 2667 till
1052 2637 1218 2676 Bohadin,
1238 2637 1293 2668 the
1318 2637 1467 2667 Arabian
1490 2637 1661 2673 histor-ian,

407 2679 460 2709 tlw
486 2680 641 2720 Tuesday
674 2681 852 2722 following.
909 2683 1017 2722 Roget·
1049 2686 1083 2713 at
1099 2693 1140 2712 no
1156 2683 1222 2714 less
1237 2684 1315 2713 than
1331 2685 1427 2714 6000.

405 2725 446 2754 «le
476 2725 651 2766 Hoveden,
678 2728 754 2759 Iter.
783 2728 870 2767 Ang.
895 2729 1014 2768 Script.
1095 2726 1108 2745 ³
1123 2730 1131 2745 ‘
1145 2729 1247 2767 suos‚'
1266 2727 1462 2759 11580011.
1482 2727 1573 2758 Arm.
1593 2727 1657 2757 and

1050 2774 1137 2804 Con.
1152 2773 1226 2805 Tib.
