1866 3186
384 254 470 297 164
874 264 1152 296 cnuomcoN

184 379 351 438 iniiuiihi‘
387 373 487 426 ipse
506 371 824 427 perditusque’
841 370 853 392 ¹
883 384 986 412 cum
1010 383 1154 424 regno
1174 376 1221 413 et
1252 384 1281 413 a
1303 372 1399 413 suis
1419 371 1464 412 in
1486 383 1649 420 manus

173 430 312 499 msspu'ted
348 431 355 438 ’
390 438 588 480 hostium
602 438 800 480 traditus
820 443 906 487 est,
927 437 1028 479 Deo
1044 442 1197 479 autem
1210 438 1408 491 propitio
1426 437 1647 478 liberatus

172 501 570 559 {320515522223‘estz’2
600 508 682 545 aut
711 516 821 557 ergo
844 503 982 556 culpa
1010 503 1110 557 ejus
1138 503 1186 544 in
1215 502 1302 544 hac
1332 508 1462 556 parte
1495 502 1647 544 decla-

171 566 339 592 ¹⁶m³⁸¹⁸¹¹¹·
391 574 531 619 retur,
553 574 635 610 aut
655 569 698 610 ei
728 581 821 622 qua
841 568 1005 609 nudari
1025 580 1116 608 non
1148 568 1312 609 meruit
1339 567 1648 621 praerogativa

391 634 644 678 servetur.”
688 635 833 687 AEgre
850 637 863 655 ‘
878 633 1081 687 quidem'
1096 632 1112 654 ³
1134 633 1242 674 tulit
1262 646 1343 674 rex
1367 633 1649 675 Francorum

391 713 521 742 suam
555 713 584 742 a
618 713 725 753 rege
758 698 1017 753 Anglorum
1058 711 1149 739 non
1191 699 1436 752 approbari
1476 711 1530 740 ac
1567 711 1649 751 per

391 766 478 808 hoc
517 771 564 807 et
601 765 820 807 infirmari
859 764 1150 806 sententiam.
1212 764 1274 806 Et
1318 771 1427 806 tunc
1466 764 1648 818 quidem

391 845 494 873 cum
517 844 651 872 suum
686 844 777 872 non
799 836 955 884 posset
976 831 1152 871 sancire
1173 829 1404 871 decretum
1428 843 1512 883 pro
1533 834 1648 871 tem-

391 898 501 951 pore
538 897 682 946 siluit,
715 894 933 950 ‘porro'4
965 896 1064 937 haec
1100 895 1320 937 dissentio
1353 896 1540 950 majoris
1576 895 1650 937 vel

391 962 719 1015 indignationis
740 962 813 1004 vel
833 961 925 1002 odii
935 961 1141 1003 fomitem
1157 961 1449 1003 ministravit.
1512 961 1650 1003 Cum-

392 1041 482 1081 que
509 1027 608 1081 jam
639 1040 748 1081 pars
784 1026 1009 1068 Guidonis
1047 1039 1129 1080 per
1161 1027 1365 1068 favorem
1398 1027 1521 1080 regis
1556 1025 1650 1067 An-

393 1094 572 1146 glorum
604 1097 826 1146 praestare
853 1092 1100 1142 videretur,
1133 1096 1410 1133 memoratus
1446 1092 1648 1133 marchio

393 1158 597 1212 ejusdem
621 1159 743 1211 regis
766 1158 1019 1211 potentiam
1034 1158 1207 1199 veritus
1227 1171 1331 1199 cum
1355 1157 1451 1198 suis
1471 1158 1648 1211 Tyrum

392 1224 541 1265 rediit.
602 1223 722 1265 Sane
749 1227 855 1277 post
886 1236 1120 1264 accessum
1150 1224 1271 1276 regis
1290 1222 1545 1277 Anglorum
1568 1236 1650 1265 ex-

392 1290 561 1331 ercitus
585 1288 874 1330 Christianus
896 1294 1057 1330 contra
1077 1290 1234 1330 urbem
1258 1290 1491 1330 obsessam
1520 1289 1651 1330 inva-

392 1355 494 1405 luit,
533 1359 673 1408 atque
704 1355 824 1396 infra
846 1355 965 1396 diem
990 1354 1268 1395 tricesimum
1291 1355 1408 1395 tanti
1431 1355 1649 1407 temporis

392 1421 601 1474 tantique
655 1420 835 1461 sudoris
892 1420 1125 1472 negotium
1182 1419 1386 1474 ejusdem
1448 1420 1648 1461 maxime

391 1486 515 1538 regis
563 1485 759 1527 ferventi
808 1485 1077 1539 potentique
1126 1497 1266 1539 opera
1314 1485 1498 1538 egregie
1542 1498 1649 1526 con-

390 1551 652 1593 summavit.

586 1698 786 1750 Quomodo
805 1701 924 1741 Aera
946 1706 1069 1755 capta
1087 1706 1144 1741 est
1161 1706 1199 1742 et
1217 1706 1461 1756 expuynata.

173 1808 353 1867 &magm-
462 1796 614 1849 Igitur
650 1798 759 1839 urbs
796 1799 987 1852 insignis
1025 1799 1317 1842 Ptolomaida
1355 1813 1494 1853 quam
1529 1813 1649 1842 nunc

312 1860 319 1868 ‘
394 1860 565 1903 Acram
600 1863 773 1914 dicunt,
806 1870 1051 1918 postquam
1079 1866 1338 1907 obsidentes
1367 1866 1652 1908 Christianos

394 1927 539 1968 multo
575 1933 621 1969 et
656 1929 871 1970 diuturno
907 1930 1065 1971 labore
1102 1931 1324 1979 exercuit,
1359 1931 1541 1972 tandem
1574 1945 1652 1972 ex-

393 1998 599 2044 pugnata
646 1998 730 2043 est,
774 2007 894 2036 anno
939 2008 968 2036 a
1015 2001 1151 2049 partu
1197 1996 1404 2048 Virginis
1452 2007 1651 2047 M.cx01.,

172 2072 330 2130 ihi'rii'y’
395 2067 438 2098 v,
467 2058 569 2099 idus
596 2058 626 2099 J
632 2059 712 2100 ulii
728 2056 767 2107 3⁵
794 2073 913 2101 anno
934 2074 994 2101 ex
1016 2062 1174 2114 quoin
1197 2074 1360 2103 manus
1394 2061 1648 2104 Turcorum

194 2111 241 2137 ”y
289 2124 295 2131 '
391 2122 611 2165 inciderat
639 2130 818 2182 quarto.
881 2126 1091 2180 Denique
1124 2127 1358 2168 fortissimi
1387 2141 1650 2181 propugna-

392 2192 515 2230 tores
564 2189 664 2244 ejus
720 2204 824 2232 cum
866 2191 967 2246 jam
1025 2192 1387 2234 Christianorum
1432 2194 1652 2234 machinis

391 2255 562 2296 moenia
600 2256 826 2306 cederent,
870 2263 1198 2312 cernerentque
1239 2259 1535 2312 irruptionem
1582 2260 1650 2300 in-

438 2394 445 2413 ¹
469 2397 643 2430 ‘hostibus
679 2399 815 2438 perdiit,
851 2400 1004 2439 proditus
1085 2399 1097 2418 ⁴
1120 2399 1223 2440 ‘sed,'
1242 2401 1316 2432 MS.
1334 2401 1459 2434 Lansd.

389 2443 489 2474 simul
524 2444 598 2483 ipse
633 2446 852 2485 perditusque
881 2444 1004 2486 simul,’
1085 2444 1098 2463 ⁵
1121 2446 1192 2477 The
1223 2447 1402 2479 sul-render
1430 2448 1469 2479 of
1501 2449 1590 2481 Acre
1622 2451 1652 2482 is

389 2489 464 2520 MS.
481 2489 567 2522 Coll.
591 2491 685 2523 Arm.
699 2502 708 2529 ;
732 2492 741 2509 ‘
753 2491 905 2523 hostibus
928 2502 1001 2532 pro·
1038 2492 1208 2532 generally
1217 2493 1326 2524 stated
1341 2497 1375 2524 to
1390 2494 1475 2525 have
1491 2497 1651 2527 occurred

387 2534 461 2574 diit,
473 2536 693 2576 proditusque
704 2538 804 2568 simul
816 2536 912 2578 ipse‚‘
925 2539 1000 2571 MS.
1035 2548 1079 2569 on
1099 2538 1156 2569 the
1184 2539 1261 2570 12th
1285 2539 1323 2570 of
1344 2539 1440 2579 July.
1491 2541 1576 2573 Rad.
1607 2542 1650 2572 de

387 2579 476 2613 Cott.
492 2581 568 2614 Tib.
1036 2584 1170 2622 Diceto,
1187 2585 1295 2625 Imag.
1319 2584 1424 2625 nist„
1443 2585 1535 2618 Hist.
1561 2587 1650 2627 Ang.

433 2625 446 2643 ²
467 2627 632 2667 Supplied
649 2627 733 2659 from
750 2629 826 2661 MS.
844 2629 970 2660 Lansd.
1033 2630 1497 2670 Script.661‚ed.Twysden;
1513 2632 1652 2672 Bromp-

429 2670 449 2747 (³¹
467 2671 660 2748 bnamquess
682 2674 782 2706 MSS.
801 2674 887 2707 coll.
906 2675 998 2707 Arm.
1033 2679 1101 2715 ton,
1121 2676 1211 2708 Hist.
1229 2677 1318 2716 Aug.
1332 2677 1556 2716 Script.12o5.

385 2726 427 2747 an
496 2722 554 2750 ott.
568 2719 643 2750 Tib.
