1866 3186
766 284 1030 317 APPEme.
1552 275 1639 317 347

168 375 244 399 PAG.
293 375 361 399 Lm.
411 375 604 400 anMPLAR.
841 377 1106 403 nzmuonuncfl.

169 417 266 467 269,
284 418 353 467 30,
378 416 497 459 debet.
518 417 632 459 Ναί·
699 418 867 460 debent
887 424 934 461 et
955 420 1121 463 solent.
1196 420 1350 463 Nullae
1375 421 1558 476 riparioe
1582 420 1639 462 de

369 482 413 525 la
465 484 633 540 riparia
729 490 898 527 caetero
916 486 1236 530 defendantur.

366 549 634 593 deoaeterodo-

355 616 566 671 fendatur

167 690 268 742 270,
313 696 350 744 1,
372 693 524 735 eosdem
698 707 781 749 per
801 695 1002 738 eosdem.

165 794 231 800 —-
311 771 353 819 3,
375 775 627 813 coronatores
695 778 954 815 coronator.

167 871 233 877 —
296 849 364 898 12,
385 847 496 891 nihil
701 848 813 892 nihil
834 849 951 891 inde.

169 949 229 954 -—-
294 922 362 974 17,
383 924 516 980 ’ἱρείας
699 925 815 980 ejus.

165 1030 231 1036 —-
292 1006 637 1061 18,Nullus‚qjus
698 1007 757 1048 Et
777 1008 946 1059 nullus,
969 1008 1099 1051 alius.

166 1110 229 1116 —
297 1085 360 1131 [9,
382 1082 560 1126 ballivus
698 1085 897 1127 ballivus
922 1091 1093 1127 noster.

166 1185 231 1190 —
293 1162 361 1211 23,
384 1161 478 1216 ipsa
698 1161 793 1203 illa.

164 1266 231 1272 —-
292 1239 359 1289 24,
376 1236 629 1280 constabula·
697 1239 1066 1282 constabularius
1088 1244 1170 1282 aut
1192 1239 1293 1294 ejus
1317 1239 1530 1282 ballivus.

362 1318 456 1360 mus

165 1406 231 1412 -—
292 1382 361 1433 25,
383 1381 570 1423 dandwm
696 1385 709 1404 ‘
725 1382 1019 1425 donandum?
1034 1381 1047 1404 ¹

167 1482 229 1490 —-
291 1459 360 1509 32,
370 1458 481 1513 fecit
702 1459 833 1501 nobis
854 1458 1027 1501 fecerit.

165 1561 233 1570 —-
293 1537 361 1585 34,
384 1534 562 1577 ballivus
695 1535 814 1577 alius
835 1535 1049 1577 ballivus·

168 1612 269 1664 271,
319 1615 360 1663 8,
378 1611 526 1655 ballivi
540 1625 632 1654 nos·
702 1615 715 1634 ‘
731 1612 931 1654 ballivus
956 1612 1147 1654 noster.’
1161 1610 1177 1633 ‘²

367 1679 428 1720 tri

164 1782 231 1788 —
319 1757 361 1805 9,
450 1754 632 1797 alienum
700 1755 887 1795 boscum
913 1753 970 1794 ad
995 1756 1150 1804 castra
1168 1764 1249 1793 seu
1274 1753 1347 1794 ad.

368 1820 528 1863 bosowm
573 1819 634 1862 ad

368 1892 506 1929 castra
524 1886 588 1929 vel

166 1989 232 1996 —
293 1966 361 2014 11,
381 1977 519 2007 eorunm
699 1962 898 2005 illorum.

292 2041 360 2093 17,
382 2041 571 2097 Praeoipe
699 2039 908 2094 Praecipe
931 2040 980 2082 in
1004 2040 1170 2095 capite.

292 2121 361 2170 20,
381 2132 467 2160 ἀπα
525 2132 630 2160 men-
699 2116 838 2158 bladi.

365 2198 467 2227 oum
482 2183 598 2226 bladi

170 2288 234 2296 —
296 2263 364 2312 22,
403 2267 441 2303 et
488 2266 634 2302 russet·
706 2263 1002 2301 russetorum.

371 2333 504 2369 torum

169 2432 234 2439 -
295 2405 365 2454 23,
380 2403 636 2445 scilicecdwae
704 2402 750 2443 id
772 2407 844 2443 est
865 2405 878 2423 ‘
895 2401 1088 2443 duarum
1111 2400 1320 2442 ulnarum
1345 2401 1491 2445 interl
1505 2401 1521 2423 ³

369 2469 476 2510 ubnae
495 2469 616 2523 infra

167 2571 234 2578 —
294 2547 362 2596 26,
381 2545 445 2587 vel
703 2549 763 2585 et.

170 2650 235 2657 ——
296 2620 368 2672 27,
389 2635 470 2663 non
702 2619 832 2662 nulli.

218 2747 227 2766 Ι
249 2752 259 2767 ⁴
270 2748 443 2789 dandum:
459 2748 535 2780 MS·
552 2747 677 2779 Lama·
970 2767 984 2789 ³
1007 2769 1017 2787 ‘
1029 2769 1108 2801 duae
1124 2769 1214 2801 ulnae
1230 2769 1339 2810 inst-af
1357 2770 1431 2802 MS.
1448 2770 1574 2802 Lansd.

214 2794 228 2813 ²
250 2798 260 2814 ‘
272 2796 389 2828 ballivi
405 2790 532 2835 nostri,’
549 2794 624 2826 MS.
642 2793 769 2826 Lansd.
