1866 3186
374 264 432 305 ‘70
871 269 1147 301 cnaomcoN

194 392 325 423 Stephen.
377 378 557 420 demate
594 375 842 428 insignitus
879 378 965 415 est.
1054 372 1170 413 Post
1215 370 1349 425 cujus
1398 368 1636 409 decessum

176 426 210 450 A‘
225 425 259 449 θ’
275 423 348 449 ¹¹⁴²
378 443 505 486 venit
516 453 668 483 comes
685 439 942 482 Cestrensis
961 437 1143 488 ibidem,
1160 440 1174 459 ‘
1188 441 1240 478 ut
1252 435 1281 458 '¹
1304 448 1408 477 cum
1428 432 1636 475 militari-

380 510 466 550 bus
479 507 623 562 copiis
640 505 836 548 assiliret
849 503 1096 546 civitatem.
1147 502 1209 543 Et
1231 501 1401 543 factum
1423 504 1508 548 est,
1529 497 1638 538 dum

381 576 694 628 expugnasset
722 571 956 613 civitatem
977 581 1123 622 usque
1155 566 1214 608 ad
1244 567 1502 618 ingressum
1532 576 1638 604 con-

381 639 490 692 tigit
505 637 628 692 quod
643 637 738 678 dux
754 635 982 678 exercitus
996 634 1068 675 sui
1081 633 1128 674 in
1142 631 1331 674 introitu
1345 635 1492 684 portae
1509 630 1640 670 bore-

384 705 469 746 alis
504 714 747 757 percussus
785 700 1015 750 occubuit,
1061 703 1108 740 et
1146 697 1353 752 pluribus
1393 693 1642 736 interfectis

384 771 482 823 ipse
534 767 695 810 consul
733 765 1018 807 retrocedere
1059 762 1323 816 compulsus
1363 764 1462 802 est:
1518 760 1643 800 cives

386 834 527 888 igitur
564 831 796 875 victoriosi
826 831 994 883 virgini
1017 829 1246 882 virginum
1276 825 1538 881 protectrici
1567 837 1643 865 eo-

387 912 488 941 rum
512 899 672 940 laudes
692 902 738 939 et
758 896 933 950 gratias
955 899 967 917 ‘
984 892 1263 948 insignita-’2
1288 892 1602 933 exsolverunt.

404 1059 469 1099 De
491 1058 630 1099 Morte
656 1055 874 1097 Tkurstini
894 1054 1219 1110 Arokiepiscopi,
1240 1059 1277 1096 et
1305 1052 1503 1096 Domibus
1522 1052 1627 1108 swn-

963 1120 1087 1162 datis.

172 1236 346 1268 Archbishop
459 1220 584 1262 Dum
612 1218 660 1259 in
690 1230 835 1271 regno
857 1207 1041 1270 Angliae
1075 1217 1188 1259 talia
1211 1220 1492 1270 gererentur,
1519 1227 1652 1257 sanc-

173 1270 375 1334 ffissssssfftissnfe‘
393 1290 454 1328 tae
497 1284 826 1327 recordationis
860 1283 1141 1326 Thurstinus
1184 1283 1386 1324 Eborum
1426 1281 1649 1335 archiepi-

174 1337 300 1366 ²¹’¹¹³⁹‘
393 1363 573 1405 scopus,
617 1354 723 1404 post
755 1349 1029 1390 laudabilem
1076 1348 1209 1390 officii
1251 1349 1324 1389 sui
1361 1348 1649 1393 administra-

392 1418 564 1458 tionem
591 1420 637 1457 et
657 1415 879 1469 praeclara
901 1414 1087 1467 pietatis
1120 1427 1276 1468 opera,
1299 1427 1403 1455 cum
1426 1414 1524 1468 jam
1555 1412 1650 1454 fere

392 1482 625 1535 expletum
663 1481 852 1521 sentiret
885 1492 984 1521 esse
1017 1479 1190 1521 militiae
1225 1493 1320 1521 suae
1351 1484 1547 1533 tempus,
1579 1492 1650 1520 re-

391 1548 502 1589 licto
532 1547 703 1588 honore
734 1550 779 1587 et
805 1558 1034 1587 excusans
1068 1558 1117 1587 se
1151 1547 1209 1587 ab
1238 1559 1389 1595 onere,
1413 1558 1516 1586 cum
1553 1557 1648 1586 mo-

394 1612 553 1655 nachis
612 1611 990 1653 cluniacensibus
1051 1612 1174 1665 apud
1237 1611 1651 1653 Pontem-fractum

395 1679 581 1720 ultimos
602 1677 710 1719 vitae
741 1690 836 1719 suae
858 1677 955 1718 dies
983 1679 1153 1730 exegit,
1178 1682 1224 1719 et
1244 1677 1482 1731 appositus
1501 1681 1572 1718 est
1592 1676 1651 1717 ad

397 1749 550 1799 patres
593 1755 701 1785 suos
750 1744 798 1784 in
849 1747 1084 1785 senectute
1125 1744 1259 1794 bona,
1302 1754 1422 1784 anno
1463 1742 1651 1784 Domini

180 1830 340 1860 niueam,
399 1820 564 1852 M.cxh.
629 1808 774 1864 Cujus
804 1809 880 1862 pio
901 1809 1052 1850 studio
1071 1809 1191 1851 inter
1210 1814 1376 1851 caetera
1405 1809 1525 1850 bona
1551 1821 1653 1862 quae

182 1865 255 1889 ¹¹⁴⁰·
399 1875 688 1929 operabatur,
713 1874 1004 1916 attribuenda
1033 1879 1104 1916 est
1129 1875 1337 1916 fundatio
1362 1879 1498 1927 atque
1521 1878 1652 1928 ‘pro-

182 1962 344 2000 Monastery
400 1939 590 1982 vectio’³
633 1939 914 1981 celeberrimi
959 1940 1222 1981 monasterii
1259 1939 1652 1989 FontoniacensiS,

179 1994 371 2052 ῗὲιῗιῗέἒᾶῗω
399 2006 530 2060 cujus
563 2004 771 2047 fundatio
811 2005 918 2047 talis
961 2018 1059 2047 esse
1095 2006 1371 2059 perhibetur.
1453 2005 1655 2056 Quidam

399 2070 610 2113 monachi
637 2071 840 2113 ecclesiae
862 2071 1021 2112 Beatae
1054 2070 1217 2113 Mariae
1245 2072 1445 2113 Eborum
1467 2082 1559 2112 ΧΠ.
1582 2071 1654 2113 vel

400 2148 511 2178 xm.
547 2136 775 2179 ferventes
807 2137 969 2190 spiritu
1003 2141 1048 2178 et
1086 2137 1399 2191 scrupulosam
1436 2137 1654 2178 habentes

398 2202 737 2252 conscientiam,
767 2215 821 2243 eo
857 2202 978 2255 quod
1013 2203 1134 2244 beati
1171 2203 1411 2245 Benedicti
1447 2203 1654 2255 regulam

400 2280 537 2321 quam
569 2268 764 2321 professi
794 2272 925 2309 erant
954 2268 1103 2309 minus
1136 2268 1193 2309 ad
1226 2269 1404 2310 literam
1441 2269 1656 2309 observa-

400 2338 515 2384 rent,
572 2338 617 2374 et
660 2333 768 2387 quia
805 2333 1120 2375 Cisterciensis
1166 2334 1350 2384 ordinis,
1394 2334 1473 2387 qui
1510 2346 1655 2387 nuper

400 2411 499 2440 esse
529 2404 748 2452 coeperat,
772 2398 894 2440 fama
919 2399 1018 2454 jam
1054 2399 1242 2441 celebris
1275 2404 1389 2449 erat,
1412 2404 1462 2440 ut
1484 2399 1653 2452 aliquid

399 2465 563 2505 melius
609 2464 863 2519 fortiusque
902 2470 1106 2518 agerent,
1151 2478 1283 2506 suum
1330 2465 1654 2507 monasterium

398 2530 705 2584 reliquerunt:
759 2543 952 2584 quorum
1002 2526 1205 2572 studium
1245 2532 1482 2584 zelumque
1519 2544 1654 2572 vene-

444 2704 454 2725 ¹
479 2705 627 2738 Omitted
645 2708 677 2738 in
695 2708 769 2740 MS.
786 2709 870 2741 coll.
887 2709 980 2741 Arm,
1107 2710 1119 2728 ³
1140 2711 1149 2727 ‘
1162 2708 1345 2749 p1·otecti0‚'
1366 2708 1439 2739 MS.
1458 2707 1547 2739 Cott.
1558 2707 1632 2739 Tib.

444 2749 456 2767 ²
479 2752 488 2767 ‘
500 2752 704 2793 indigniter,’
721 2755 795 2786 MS.
813 2755 899 2786 Coll.
915 2755 1007 2786 Arm.
