1866 3186
400 287 429 328 8
897 295 1175 329 cuRonON

209 412 372 437 tho-10⁶⁵-
403 413 508 455 quae
539 403 848 442 convenerant
874 399 994 440 inter
1027 411 1105 440 eos
1143 412 1279 453 opere
1314 398 1661 453 completurum.

186 466 254 491 liam
275 466 305 491 in
319 467 369 491 ob-

188 499 298 530 taining
308 506 370 530 pos-

188 531 295 556 session
311 532 342 557 or

190 564 320 595 England
336 571 372 589 on

188 597 238 622 the
249 597 332 621 death
346 597 377 622 of

191 629 269 661 King
284 629 339 654 Ed-

191 663 275 690 ward.

192 744 237 769 He
248 745 360 769 returns

190 779 220 803 to
232 777 369 809 England.

195 1006 229 1031 A.
239 1005 274 1030 D.
283 1005 359 1031 1066.

197 1054 287 1079 Death
298 1053 331 1078 or

195 1087 272 1117 King
287 1086 343 1110 Ed-

193 1120 277 1149 ward,
287 1119 394 1143 Thurs-

192 1153 254 1183 day,
269 1152 332 1177 Jan.
347 1153 372 1176 5.

192 1196 343 1221 Accession
357 1196 388 1221 of

190 1229 307 1254 Har-old.

190 1524 238 1549 He
249 1524 357 1550 refuses

187 1557 238 1582 the
247 1559 391 1583 overturefl

190 1591 274 1615 made
290 1591 325 1621 by

191 1623 275 1648 Duke
288 1623 357 1648 Wil-

189 1656 268 1681 liam.

407 466 497 507 His
541 466 608 507 ita
645 464 804 518 gestis,
847 463 1101 515 Haraldus,
1141 469 1324 519 recepto
1370 469 1551 518 nepote,
1592 475 1663 502 re-

405 543 566 573 versus
586 534 657 572 est
684 530 732 570 in
753 528 986 581 Angliam,
1009 530 1307 584 narravitque
1328 531 1424 583 regi
1444 540 1660 584 percunc-

407 596 525 637 tanti
559 599 726 637 cuncta
748 607 852 648 quae
875 594 1149 636 acciderant.
1220 594 1307 636 Cui
1334 608 1432 644 rex,
1458 594 1664 635 “Nonne

407 660 505 702 dixi
557 661 642 702 tibi
684 673 757 701 me
795 672 930 702 nosse
968 659 1267 711 willelmum,
1311 665 1359 701 et
1404 659 1454 700 in
1502 659 1664 700 itinere

408 731 488 768 tuo
533 726 680 767 multa
718 725 840 767 mala
874 725 979 766 huic
1015 739 1156 778 regno
1193 726 1457 778 contingere
1495 725 1664 778 posse?

410 791 546 833 Certe
568 791 616 833 in
638 791 722 832 hoc
742 790 865 832 facto
889 795 969 832 tuo
991 803 1184 844 magnas
1206 791 1332 844 genti
1353 795 1523 831 nostrae
1545 802 1663 843 prae-

409 857 557 899 sentio
601 857 888 898 calamitates
926 861 1185 906 eventuras,
1211 869 1326 910 quas
1362 856 1473 897 mihi
1508 867 1665 908 quaeso

409 922 629 965 concedat
670 922 818 976 pietas
863 933 1060 976 superna
1102 922 1380 975 temporibus
1420 921 1533 962 meis
1574 933 1665 960 non

410 987 638 1030 evenire.’'
690 987 747 1028 In
762 987 889 1028 brevi
903 992 1009 1041 post
1028 987 1126 1028 haec
1148 987 1262 1028 obiit
1282 1000 1363 1028 rex
1382 985 1662 1032 Edwardus3

410 1058 472 1103 et,
496 1053 638 1107 juxta
667 1053 789 1106 quod
818 1053 915 1105 ipse
946 1065 1028 1093 rex
1059 1057 1166 1094 ante
1204 1057 1395 1094 mortem
1423 1055 1665 1100 statuerat,

411 1118 497 1159 sibi
519 1118 740 1159 successit
768 1118 815 1158 in
834 1131 1026 1170 regnum
1049 1117 1148 1171 ipse
1171 1117 1423 1167 Haraldus‚
1444 1117 1518 1158 cui
1538 1129 1666 1157 man-

410 1183 538 1225 davit
573 1183 835 1225 Willelmus
868 1196 1019 1224 comes
1058 1188 1112 1224 ut
1140 1187 1278 1236 pacta
1308 1187 1541 1230 servaret;
1575 1194 1666 1235 quo

410 1253 642 1298 renuente,
680 1249 846 1289 iterum
885 1248 1121 1290 mandavit
1159 1253 1212 1289 ut
1254 1249 1465 1302 quamvis
1495 1247 1669 1288 violata

409 1314 498 1355 fide
530 1319 698 1356 caetera
725 1326 817 1354 non
847 1319 1090 1364 servasset,
1114 1314 1152 1355 si
1187 1318 1341 1355 tamen
1368 1313 1507 1354 filiam
1534 1325 1665 1353 suam

409 1379 595 1420 duceret
635 1380 683 1420 in
725 1391 914 1420 uxorem
953 1379 1101 1420 adhuc
1144 1379 1458 1432 aequanimiter
1499 1377 1663 1430 ferret3

409 1444 612 1497 alioquin
635 1444 904 1498 promissam
924 1445 1010 1485 sibi
1028 1445 1358 1486 successionem
1380 1444 1511 1497 regni
1529 1444 1667 1485 armis

410 1510 743 1551 vindicaturum
788 1522 838 1550 se
879 1510 1176 1564 proculdubio
1211 1510 1362 1551 sciret.
1438 1509 1504 1550 At
1551 1510 1664 1562 ipse,

409 1588 492 1616 nec
531 1575 643 1616 illud
677 1574 858 1629 quidem
893 1575 1042 1616 facere
1071 1588 1119 1617 se
1139 1575 1255 1616 velle
1282 1588 1365 1616 nec
1399 1575 1484 1616 hoc
1510 1575 1666 1615 formi—

407 1640 532 1690 dare,
575 1641 825 1694 respondit.
915 1641 1050 1682 Unde
1089 1640 1350 1682 Willelmus
1387 1640 1667 1693 indignatus,

405 1719 577 1759 magna
618 1719 699 1759 spe
729 1706 939 1747 vincendi
976 1719 1035 1747 ex
1077 1706 1163 1747 hac
1200 1706 1399 1748 Haraldi
1437 1706 1665 1760 injustitia

407 1772 653 1821 animatus,
693 1776 859 1824 parata
902 1772 1048 1813 classe
1089 1784 1181 1812 non
1224 1772 1403 1813 modica
1448 1770 1665 1824 Angliam

406 1836 553 1889 petiit,
577 1841 877 1889 consertoque
897 1838 1029 1889 gravi
1057 1837 1220 1890 proelio
1242 1837 1478 1877 Haraldus
1502 1838 1548 1877 in
1571 1838 1669 1877 acie

405 1901 585 1951 cecidit,
608 1907 655 1942 et
683 1901 945 1942 Willelmus
966 1902 1111 1943 victor
1140 1902 1342 1943 existens
1369 1915 1559 1954 regnum
1586 1903 1666 1943 ob-

405 1966 543 2008 tinuit
567 1966 633 2007 sic
654 1971 940 2019 occupatum.

463 2109 529 2150 De
558 2107 751 2149 Adventu
782 2107 981 2150 Willelmi
1004 2109 1294 2164 Oonquaestoris
1315 2109 1361 2150 in
1388 2108 1604 2164 Anyliam.

474 2214 611 2256 Anno
645 2215 832 2256 Domini
868 2228 1057 2258 M.LXV1.
1093 2217 1355 2259 Willelmus
1391 2217 1668 2258 Bastardus¹

408 2293 560 2322 comes
603 2280 649 2321 N
653 2282 915 2331 ormanniae‚
938 2282 1086 2323 dictus
1122 2282 1321 2331 Nothus,
1344 2283 1468 2323 venit
1498 2284 1544 2322 in
1573 2282 1668 2323 An-

467 2399 476 2418 ¹
511 2402 656 2433 Thomas
685 2399 865 2433 Rudborne
902 2402 1024 2433 relates
1055 2412 1127 2433 was
1151 2402 1342 2442 hospitably
1357 2403 1574 2441 entertained,
1588 2404 1671 2434 with

408 2447 480 2477 that
507 2447 664 2478 Edmund
680 2448 832 2479 Ironside
854 2448 1022 2479 outlawed
1056 2448 1108 2478 his
1119 2449 1199 2479 wife
1212 2449 1278 2479 and
1290 2448 1451 2480 children.
1483 2449 1565 2479 This
1575 2449 1668 2480 skin—

408 2492 462 2523 his
488 2494 567 2532 only
585 2493 752 2532 daughter
773 2493 824 2524 for
853 2503 895 2524 an
925 2494 1024 2524 illicit
1055 2494 1142 2524 ner's
1157 2494 1247 2524 third
1269 2494 1434 2534 daughter
1457 2494 1617 2535 Herleva,
1632 2505 1670 2526 or

408 2539 593 2569 connexion
614 2539 697 2569 with
723 2549 744 2570 a
770 2539 919 2578 skinner,
934 2539 1022 2578 who,
1058 2539 1389 2578 Harlotta,incourse
1399 2540 1437 2571 of
1443 2541 1522 2570 time
1532 2541 1668 2571 became

407 2583 547 2623 passing
562 2584 645 2614 with
660 2585 720 2615 her
735 2585 803 2615 into
814 2585 1022 2624 Normandy,
1055 2585 1110 2616 the
1126 2586 1253 2616 mother
1269 2586 1307 2616 os
1317 2585 1372 2616 the
1389 2585 1593 2624 Conqueror.
1627 2586 1668 2617 Τ.

407 2629 500 2659 there
529 2629 685 2660 followed
724 2630 776 2661 his
812 2631 936 2670 calling
972 2631 1023 2661 for
1056 2628 1248 2669 Rudborue,
1270 2631 1395 2669 Anglia
1418 2631 1530 2669 Sacra,
1553 2631 1576 2662 i.
1594 2633 1670 2671 246,

408 2683 498 2704 some
524 2675 616 2714 time,
642 2676 703 2706 but
723 2685 796 2706 was
825 2676 1022 2707 afterwards
1055 2677 1289 2708 ed.Wharton.
1312 2676 1382 2706 The
1394 2675 1668 2715 Conquerorwas

407 2719 554 2750 reduced
575 2723 609 2750 to
633 2724 782 2760 poverty,
797 2722 863 2751 and
878 2722 1022 2761 begging
1054 2722 1126 2751 also
1142 2721 1268 2752 related
1291 2724 1325 2751 to
1340 2721 1395 2751 the
1412 2722 1552 2761 English
1568 2722 1667 2763 kings

407 2773 469 2795 one
485 2765 550 2803 day
567 2768 602 2795 at
617 2765 720 2797 Duke
738 2767 914 2798 Richard’s
929 2767 1022 2807 door,
1054 2766 1194 2806 through
1232 2766 1285 2798 his
1316 2766 1433 2807 father,
1464 2767 1567 2799 Duke
1606 2769 1671 2799 Ro-
