1866 3186
438 294 664 326 WAm'Em
698 294 760 324 DE
790 294 1166 324 HEMINGBURGH.
1344 284 1432 326 227

164 395 529 449 Rothomagensi
574 397 779 446 donavit,
832 403 878 438 et
936 397 1333 452 archiepiscopum
1380 400 1427 440 in
1462 410 1587 470 {¹⁰3³ss
1592 410 1626 468 914

162 462 399 513 pristinam
420 463 751 516 specialitatem
773 463 960 517 recepit.
1458 474 1461 475 ’
1490 462 1497 470 ”
1537 462 1545 469 ’
1629 460 1636 468 ”

442 609 647 657 Quomodo
666 608 727 652 ibi
740 609 858 665 pluit
879 611 1146 666 Sanyuinom.

229 721 348 764 Sane
383 723 431 764 in
468 723 548 765 illo
584 724 686 766 loco
719 737 823 766 cum
861 738 1031 778 magna
1067 726 1148 767 illa
1182 725 1427 768 aedificatio

162 787 292 829 fieret
314 802 409 830 rem
439 790 748 843 prodigiosam
776 791 1025 844 contigisse
1049 791 1215 833 ferunt.
1301 791 1424 833 Nam

160 866 314 895 mense
354 855 480 898 Maio
520 856 659 909 paulo
699 862 807 898 ante
836 856 1092 898 Dominicae
1123 855 1424 899 Ascensionis
1441 875 1517 907 May.

162 919 384 962 solemnia
407 935 511 962 cum
543 935 625 963 rex
651 922 883 964 Ricardus
908 923 971 963 ibi
1000 923 1196 972 adesset,
1230 927 1276 964 et
1306 936 1424 977 opus

160 987 483 1040 operariosque
535 987 591 1029 de
639 987 932 1030 festinatione
981 993 1180 1042 urgeret,
1237 994 1424 1042 repente

160 1051 304 1093 imber
342 1053 565 1107 sanguine
607 1054 782 1095 mixtus
831 1054 1083 1104 descendit,
1133 1056 1424 1108 stupentibus
1442 1070 1630 1096 Ashowerof

161 1129 264 1158 cum
299 1119 400 1172 ipso
435 1132 543 1173 rege
580 1120 756 1161 cunctis
795 1120 875 1174 qui
910 1119 1117 1170 aderant,
1152 1133 1256 1162 cum
1296 1125 1343 1162 et
1377 1121 1424 1162 in
1440 1104 1530 1130 ΝΟΜ·

160 1183 256 1225 suis
277 1185 482 1227 vestibus
514 1187 608 1228 veri
638 1186 875 1239 sanguinis
905 1190 1064 1239 guttas
1091 1186 1424 1240 conspicerent,

161 1254 208 1291 et
227 1262 323 1291 rem
347 1255 441 1292 tam
464 1251 697 1293 insolitam
718 1251 891 1293 malum
913 1251 1186 1305 portendere
1209 1252 1424 1294 sormida—

161 1320 278 1357 rent.
342 1315 514 1358 Verum
547 1330 607 1358 ex
638 1317 724 1358 hoc
751 1317 871 1358 idem
901 1330 984 1359 rex
1014 1330 1106 1359 non
1137 1323 1209 1359 est
1238 1318 1425 1359 territus

159 1381 400 1433 quominus
425 1386 438 1404 ‘
454 1383 582 1436 operi
596 1382 631 1404 '¹
655 1383 966 1436 promovendo
984 1383 1255 1434 intenderet,
1268 1384 1315 1424 in
1333 1397 1425 1437 quo

159 1447 263 1496 sibi,
287 1448 333 1488 ni
354 1448 503 1498 fallor,
523 1449 590 1490 ita
610 1449 925 1502 complacebat
940 1454 993 1491 ut
1010 1449 1148 1491 etiam
1172 1450 1212 1491 si
1233 1450 1426 1502 angelus

159 1513 216 1554 de
250 1514 368 1555 coelo
402 1515 446 1555 id
483 1514 785 1557 omittendum
818 1516 1039 1557 suasisset
1078 1515 1325 1557 anathema
1358 1515 1426 1557 illi

159 1578 336 1620 suisset.

494 1667 559 1708 Do
581 1667 639 1708 M
638 1673 721 1708 orto
741 1667 868 1723 Reyis
887 1668 1083 1709 Ricardi.

229 1776 476 1818 AEdificato
490 1776 648 1830 itaque
668 1781 822 1818 castro
842 1781 889 1818 et
907 1776 1025 1818 infra
1038 1777 1232 1818 eundem
1255 1789 1425 1818 annum
1443 1793 1621 1820 A.D.1198,

161 1841 366 1895 plenarie
386 1842 613 1896 completo
637 1842 782 1884 fertur
800 1843 952 1896 ipsum
979 1855 1134 1896 regem
1165 1842 1428 1897 hujusmodi

162 1909 303 1949 verba
316 1908 562 1961 protulisse
577 1908 979 1950 circumstantibus
1001 1909 1293 1962 magnatibus
1315 1909 1426 1958 suis,

163 1973 328 2015 “Ecce
359 1987 497 2028 quam
532 1974 725 2028 pulchra
749 1974 845 2016 filia
880 1974 1015 2015 unius
1052 1975 1226 2021 anni;’'
1263 1974 1427 2015 dilexit

162 2040 282 2080 enim
305 2040 499 2081 eundem
519 2040 687 2090 locum,
711 2045 758 2082 et
789 2040 1075 2093 gloriabatur
1102 2041 1150 2081 in
1179 2040 1266 2082 hoc
1287 2039 1427 2081 facto.

164 2104 372 2158 Cumque
400 2105 456 2146 ad
487 2106 578 2146 alia
616 2106 881 2147 divertisset
921 2118 970 2146 se
1008 2119 1091 2146 rex
1120 2106 1350 2148 Ricardus
1383 2110 1429 2146 et

164 2170 376 2212 custodes
419 2171 620 2225 ejusdem
666 2171 803 2212 castri
838 2171 885 2211 in
920 2183 1006 2211 sua
1040 2171 1250 2212 custodia
1281 2171 1427 2224 negli—

163 2241 323 2289 gentes
360 2237 638 2286 extitissent,
671 2247 868 2289 egressae
898 2235 1017 2277 enim
1048 2241 1180 2277 erant
1211 2249 1270 2277 ex
1302 2249 1428 2277 more

162 2302 345 2343 lotrices
383 2315 465 2356 per
504 2302 731 2356 posticum
773 2300 831 2342 ad
871 2301 1120 2343 lavandum
1164 2313 1343 2353 pannos
1381 2306 1426 2341 et

165 2367 258 2408 alia
278 2380 489 2421 quaeque,
519 2369 566 2408 in
594 2367 700 2409 lacu
726 2368 890 2408 subtus
920 2372 1137 2415 castrum,
1166 2379 1249 2407 nec
1276 2366 1427 2419 suspi-

164 2433 388 2474 cabantur
423 2433 635 2474 custodes
666 2445 899 2474 accessum
939 2432 1098 2473 haberi
1128 2430 1341 2485 ‘posse’5²
1369 2443 1424 2472 ex

163 2503 295 2552 parte
315 2498 410 2548 illa,
432 2503 478 2539 et
497 2511 602 2539 ecce
624 2498 847 2550 ingeniosi
874 2497 1039 2539 Franci
1067 2502 1113 2538 et
1141 2497 1229 2538 sibi
1260 2497 1427 2538 multo-

166 2564 332 2621 tieffia
352 2563 489 2617 longe
510 2563 816 2617 providentes,
836 2562 1156 2616 praeordinatis
1179 2562 1362 2615 scaphis
1383 2568 1429 2603 et

166 2629 336 2679 allatis,
378 2629 486 2670 dum
521 2629 719 2682 quadam
756 2629 829 2669 die
864 2628 1193 2681 egrederentur
1227 2628 1428 2678 lotrices,

214 2766 222 2785 ¹
248 2769 258 2786 ‘
270 2765 396 2808 opere‚'
414 2768 487 2800 MS.
507 2768 630 2799 Lansd.
792 2764 798 2806 Ι
867 2768 880 2787 ²
901 2767 912 2784 ‘
925 2770 1001 2807 post
1015 2767 1075 2807 se,'
1092 2767 1166 2799 MS.
1183 2766 1271 2799 Cott.
1286 2767 1362 2800 Tib.

1201 2833 1219 2857 Q
1237 2826 1257 2855 2
