1866 3186
454 289 679 320 WALTER1
713 290 775 319 DE
807 290 1184 321 HEMINGBURGH.
1368 279 1458 321 ‘213

316 474 517 525 Quomodo
540 476 629 517 Rex
649 476 862 518 Ricardus
883 481 1100 518 excusatur
1122 475 1170 517 de
1193 475 1333 518 Morte

682 541 960 584 Marotiani&

259 654 432 696 Eodem
461 660 664 710 tempore
697 655 865 697 Senex¹
894 656 951 697 de
986 656 1167 706 Monte,
1199 656 1265 697 sic
1302 656 1454 697 dictus

192 733 283 761 non
313 734 398 774 pro
437 726 574 763 aetate
611 722 689 763 sed
726 735 809 776 pro
848 722 1076 775 sapientia
1111 726 1157 762 et
1208 721 1453 774 gravitate,

190 787 401 842 princeps
438 788 588 841 gentis
625 788 858 829 orientalis
895 800 1033 841 quam
1069 791 1082 809 ‘
1101 785 1454 828 Hausesisios’2

192 858 376 903 vocant,
399 853 524 895 misit
546 853 603 895 ad
630 853 828 908 Europae
849 853 1076 907 principes
1098 853 1335 894 universos
1358 853 1452 906 epi-

191 918 336 960 stolas
362 932 484 969 suas,
516 920 562 960 in
592 920 701 973 ipsis
732 920 938 974 epistolis
971 931 1199 960 excusans
1229 919 1453 960 illustrem

193 998 345 1038 regem
386 985 638 1027 Ricardum
673 986 729 1027 de
763 990 910 1028 morte
949 985 1150 1028 Conradi
1181 985 1457 1026 marchionis

194 1051 250 1092 de
280 1051 651 1102 Monte-ferrato,
676 1056 722 1093 et
758 1052 805 1093 in
835 1052 926 1093 illis
959 1053 1024 1093 sic
1048 1051 1224 1093 dicens:
1262 1050 1458 1093 “Vetus

192 1117 248 1158 de
268 1117 429 1159 Monte
448 1118 730 1172 principibus
749 1122 796 1160 et
814 1119 936 1159 omni
957 1117 1129 1171 populo
1154 1121 1166 1139 ‘
1183 1117 1458 1159 Christianae

194 1183 481 1236 religionis’³
523 1184 733 1226 salutem.
816 1183 1046 1225 Nolumus
1089 1183 1285 1238 alicujus
1329 1184 1459 1225 inno-

195 1250 390 1291 centiam
438 1250 581 1292 nostri
622 1251 772 1304 operis
807 1251 1045 1292 occasione
1084 1249 1310 1298 laborare,
1354 1262 1459 1291 cum

195 1315 310 1356 nulli
337 1316 562 1357 immerito
591 1322 638 1357 et
668 1317 837 1358 insonti
871 1316 980 1357 mali
1018 1316 1254 1370 quippiam
1286 1316 1458 1369 irroge-

195 1394 310 1422 mus.
402 1381 493 1423 Eos
539 1395 647 1433 vero
690 1382 767 1436 qui
806 1383 853 1423 in
887 1395 970 1423 nos
1010 1382 1317 1436 deliquerunt,
1357 1382 1459 1424 Deo

196 1452 400 1497 auctore,
439 1461 528 1490 non
559 1448 761 1502 patimur
793 1448 886 1498 diu,
915 1448 971 1489 de
1004 1448 1147 1490 illatis
1177 1448 1461 1502 simplicitati

198 1519 367 1555 nostrae
403 1514 599 1568 injuriis,
637 1514 876 1568 gratulari.
960 1514 1281 1567 Significamus
1320 1514 1462 1567 igitur

197 1580 486 1621 universitati
508 1585 688 1631 vestrae,
712 1581 891 1634 ‘ipsum
906 1578 945 1601 '4
979 1585 1204 1622 testantes
1225 1593 1307 1634 per
1326 1593 1460 1635 quem

198 1646 369 1687 salvari
416 1658 670 1699 speramus,
709 1646 831 1700 quod
875 1646 1003 1688 nulla
1054 1648 1292 1688 memorati
1341 1648 1462 1700 regis

200 1710 619 1754 ‘machinatione'⁵
672 1712 874 1754 marchio
922 1712 999 1753 ille
1045 1712 1313 1754 interfectus
1373 1714 1460 1754 sit:

200 1779 277 1831 qui
313 1782 325 1800 ‘
343 1778 547 1831 profecto
570 1791 654 1832 pro
676 1791 730 1820 eo
747 1773 783 1800 ’⁶
812 1778 934 1832 quod
953 1779 999 1819 in
1022 1791 1106 1820 nos
1133 1778 1386 1832 deliquerat
1418 1783 1465 1819 et

201 1845 459 1886 admonitus
483 1845 724 1886 emendare
745 1844 1029 1898 neglexerat,
1052 1849 1212 1886 nostra
1225 1845 1464 1886 voluntate

201 1917 247 1952 et
278 1910 487 1965 jussione
524 1924 604 1965 per
639 1911 863 1952 satellites
902 1915 1084 1953 nostros
1115 1911 1243 1965 juste
1278 1911 1463 1952 interiit.

202 1976 557 2020 Consuetudinis
593 1977 761 2031 quippe
797 1982 966 2019 nostrae
999 1982 1071 2019 est
1106 1989 1184 2018 eos
1219 1977 1298 2030 qui
1332 1977 1464 2019 nobis

202 2043 275 2085 vel
309 2043 465 2084 amicis
502 2044 672 2085 nostris
707 2044 752 2084 in
789 2043 942 2097 aliquo
978 2043 1189 2098 injuriosi
1226 2044 1466 2085 extiterint

202 2110 349 2163 primo
372 2114 423 2150 ut
456 2110 586 2150 nobis
616 2109 905 2151 satisfaciant
936 2122 1240 2159 commonere,
1272 2110 1393 2163 quod
1425 2110 1464 2150 si

204 2175 578 2229 contempserint,
607 2188 689 2228 per
718 2175 948 2218 ministros
979 2179 1178 2224 nostros,
1217 2176 1295 2229 qui
1336 2180 1466 2217 tanta

205 2242 336 2282 nobis
355 2241 598 2282 devotione
619 2242 935 2294 obtemperant
957 2245 1008 2282 ut
1028 2253 1077 2281 se
1098 2253 1126 2281 a
1151 2240 1251 2282 Deo
1268 2241 1467 2294 gloriose

204 2307 559 2349 remunerandos
576 2320 663 2348 non
686 2306 894 2348 dubitent
918 2307 957 2347 si
973 2306 1240 2347 mandatum
1261 2311 1468 2347 nostrum

255 2450 263 2469 ¹
288 2452 370 2482 This
413 2452 442 2483 is
483 2461 504 2482 a
545 2451 741 2482 translation
788 2450 826 2482 os
904 2448 917 2467 ²
939 2451 948 2468 ‘
964 2447 1178 2490 Hausesios‚'
1210 2450 1284 2482 MS.
1320 2450 1468 2491 Lansd.;

207 2498 324 2538 Sheik,
339 2497 461 2538 which,
485 2498 519 2528 in
542 2497 598 2528 the
623 2498 733 2528 native
750 2497 822 2528 lan·
857 2496 866 2513 ‘
879 2496 1088 2536 Hauselios,’
1105 2496 1179 2528 MS.
1197 2495 1285 2528 Cott.
1301 2496 1377 2530 Tib.

209 2554 331 2584 suase,
346 2544 493 2583 signifies
518 2543 596 2574 both
612 2553 655 2574 ⁸1¹
672 2543 728 2574 old
746 2552 821 2574 man
905 2551 918 2569 ³
940 2554 950 2570 ι
963 2549 1176 2593 christiano:
1193 2553 1269 2584 MS.
1286 2553 1374 2585 eott.
1390 2554 1465 2598 Tib,

209 2591 274 2622 and
300 2591 356 2621 the
381 2590 473 2621 chief
491 2590 528 2620 os
549 2599 569 2620 a
595 2590 691 2621 tribe.
739 2589 822 2642 This
904 2610 917 2628 ⁴
940 2610 1090 2642 Omitted
1108 2611 1141 2641 in
1159 2611 1233 2643 MS‘
1250 2611 1327 2642 Cott
1354 2611 1418 2643 Tib

209 2638 306 2668 letter
337 2637 398 2667 has
428 2635 578 2675 scarcely
609 2645 629 2666 a
661 2635 754 2666 word
788 2645 822 2665 m
1331 2635 1338 2644 ·
1422 2635 1429 2645 ·

210 2693 359 2714 common
383 2682 464 2713 with
494 2682 549 2712 the
579 2682 693 2721 copies
724 2682 820 2720 given
905 2666 917 2684 ὁ
940 2667 1223 2708 ‘imaginatiffle'’
1240 2668 1316 2701 MS·
1334 2668 1458 2700 Laum-

208 2731 241 2760 in
261 2730 370 2769 ltalph
395 2729 437 2760 de
462 2729 583 2760 Diceto
599 2728 665 2759 and
685 2728 822 2759 Nicolas
858 2724 921 2802 1³·ss
942 2727 951 2742 ⁴
966 2736 1024 2766 pro
1055 2736 1094 2757 eo
1132 2725 1243 2763 sacto.'
1274 2726 1348 2759 MS.
1381 2726 1469 2759 Cott-

208 2777 333 2807 'l'rivet.
889 2782 898 2803 1
926 2795 932 2803 .

1495 402 1618 430 menard
1632 401 1655 428 1.

1490 437 1569 462 A.D.
1583 437 1659 462 119³.

1471 664 1570 691 Letter
1579 665 1614 690 of
1627 665 1676 690 the

1472 699 1526 723 Old
1539 698 1608 723 Man
1620 698 1654 722 os

1470 731 1520 756 the
1534 731 1635 756 Moun-

1469 765 1530 789 tain
1543 770 1673 789 concern-

1470 797 1519 828 ing
1535 797 1584 822 the
1597 803 1673 822 mur-

1469 831 1519 855 der
1529 830 1559 855 of
1566 830 1674 855 Conrnd

1470 864 1502 888 of
1517 863 1654 889 Montfer-

1471 900 1524 922 rat.
