1866 3186
228 376 313 402 John.

187 409 222 434 A.
231 409 267 434 D.
281 410 354 435 1205.

172 468 292 499 Dinpute

172 507 202 525 aa
215 503 244 525 to
256 500 304 526 the

172 533 301 559 electiori.

389 252 478 294 236
880 263 941 293 cn
950 262 1159 294 Romcou

389 370 618 422 petierunt
651 373 698 410 et
737 366 1059 409 obtinuerunt.l
1129 367 1334 420 Rogavit
1374 372 1527 408 tamen
1569 379 1650 407 rex

389 447 472 488 pro
494 439 507 457 ‘
525 434 810 476 Norwicensi
826 432 863 455 ’²
883 433 1113 487 episcopo,
1143 437 1195 474 ut
1221 434 1260 473 si
1286 433 1502 487 possibile
1533 437 1653 474 esset

389 500 553 542 saltem
580 500 676 541 suis
704 499 913 553 precibus
939 497 1249 552 postularetur
1279 498 1364 540 hac
1401 499 1525 545 vice;
1571 498 1651 539 ad-

388 567 598 607 veniente
633 571 787 607 autem
818 564 1053 606 electionis
1083 564 1155 605 die
1184 563 1369 616 quidam
1403 577 1462 605 ex
1495 577 1650 604 mona-

388 631 485 672 chis
532 644 691 686 preces
733 631 884 684 regias
929 630 1256 683 amplectentes
1296 629 1488 670 eundem
1529 629 1650 670 Nor-

388 697 627 739 wicensem
651 696 974 751 postularunt:
1007 696 1086 737 alii
1107 708 1215 737 vero
1234 695 1482 736 secundum
1499 694 1650 736 Deum

387 763 684 816 procedentes
723 762 1006 816 subpriorem
1050 761 1256 816 ejusdem
1296 761 1458 802 domus
1500 760 1650 814 elege-

387 833 523 881 runt3
555 833 602 870 et
631 828 910 870 dissentione
943 827 1068 868 sacta
1103 827 1222 868 inter
1255 826 1420 868 fratres
1455 830 1651 880 utraque

387 907 495 947 pars
533 907 618 948 pro
655 907 740 935 suo
776 894 922 935 electo
957 893 1014 934 ad
1051 893 1205 934 sedem
1238 892 1537 946 apostolicam
1568 905 1650 945 ap-

387 960 643 1012 pellarunt3
697 959 818 1000 unde
865 959 999 1000 electi
1043 963 1152 999 sunt
1184 958 1288 999 hinc
1322 963 1369 999 et
1406 958 1511 998 inde
1549 968 1650 998 xlv,

388 1025 598 1066 monachi
632 1025 711 1078 qui
735 1024 805 1065 *ad
840 1024 994 1065 sedem
1024 1024 1324 1078 apostolicam
1358 1024 1445 1064 iter
1479 1024 1650 1076 arripe-

388 1095 490 1132 rent
530 1090 616 1132 hoc
661 1090 894 1143 negotium
930 1089 1246 1143 prosecuturi:
1290 1090 1370 1142 qui
1406 1089 1464 1130 ad
1495 1102 1649 1142 regem

389 1156 622 1212 venientes
642 1160 702 1211 ‚ut
731 1169 791 1197 ex
808 1156 1053 1197 >voluntate
1073 1155 1217 1209 ipsius
1241 1155 1649 1208 proficiscerentur,

389 1222 695 1274 promiserunt
717 1222 759 1263 ei
775 1221 987 1276 jurantes
1011 1221 1132 1275 quod
1154 1221 1299 1262 modis
1318 1221 1526 1262 omnibus
1548 1234 1648 1274 pro-

389 1292 602 1330 curarent
647 1287 999 1341 postulationem
1043 1286 1352 1328 Norwicensis
1393 1299 1422 1327 a
1467 1286 1648 1328 domino

388 1366 511 1407 papa
539 1353 810 1402 confirmari,
834 1358 880 1394 et
910 1354 968 1394 ab
998 1353 1099 1406 ipso
1123 1365 1230 1404 rege
1265 1364 1433 1404 magna
1460 1358 1650 1405 accepta

324 1439 330 1443 κ
388 1419 582 1472 pecunia
621 1419 814 1472 profecti
849 1424 982 1460 sunt:
1035 1418 1198 1472 quibus
1238 1418 1285 1458 in
1322 1418 1450 1459 curia
1486 1418 1648 1459 consti-

169 2277 293 2308 stepnen

170 2309 300 2341 Langton

388 1485 500 1525 tutis
522 1488 535 1506 ‘
550 1482 845 1538 quassatur'³
875 1483 1038 1525 electio
1073 1483 1322 1537 subprioris
1364 1488 1410 1524 et
1451 1483 1562 1525 data
1598 1483 1647 1524 li-

389 1551 540 1592 centia
580 1550 671 1591 illis
711 1561 813 1591 X1v.
851 1550 1015 1591 iterum
1063 1549 1261 1602 eligendi
1301 1549 1347 1590 in
1392 1549 1534 1600 curia,
1570 1550 1649 1602 qui

385 1616 595 1657 sedentes
634 1616 800 1657 iterato
843 1615 1137 1669 postularunt
1174 1615 1219 1656 N
1223 1615 1516 1656 orwicensem
1552 1616 1645 1669 epi—

385 1694 602 1735 scopum:
647 1686 694 1723 et
727 1682 873 1722 iratus
913 1694 1050 1735 papa,
1090 1694 1144 1722 eo
1188 1681 1309 1734 quod
1351 1681 1646 1722 collusionem

386 1747 612 1796 audierat,
639 1748 995 1801 postulationem
1025 1760 1181 1789 eorum
1217 1752 1263 1788 et
1290 1752 1400 1788 vota
1436 1760 1528 1788 non
1566 1747 1646 1788 ad-

387 1813 526 1863 misit,
570 1818 581 1835 ‘
598 1812 696 1855 et’⁴
736 1826 814 1855 eos
861 1813 1097 1866 suspendit
1137 1818 1358 1865 quantum
1398 1812 1457 1853 ad
1499 1813 1644 1854 vicem

386 1877 516 1922 hanc.
588 1878 681 1929 Qui
701 1879 910 1920 videntes
931 1892 980 1919 se
1003 1878 1134 1931 quasi
1158 1878 1477 1931 deprehensos,
1499 1879 1645 1932 poeni-

386 1945 531 1985 tentia
565 1944 705 1994 ducti,
751 1943 946 1985 confessi
986 1949 1092 1984 sunt
1137 1956 1186 1983 se
1231 1944 1330 1996 regi
1365 1943 1550 1997 jurasse
1588 1944 1644 1985 de

386 2012 399 2030 ‘
416 2009 462 2050 N
465 2009 701 2050 orwicensi
715 2005 750 2030 '⁵
781 2009 1070 2063 postulando,
1087 2014 1133 2050 et
1155 2009 1332 2050 veniam
1348 2009 1643 2061 deposcentes

386 2074 577 2116 arbitrio
605 2075 776 2116 domini
806 2087 940 2128 papae
967 2074 1198 2115 humiliter
1233 2087 1282 2115 se
1318 2075 1641 2116 submiserunt.

387 2139 519 2193 Papa
541 2154 651 2183 vero
673 2154 761 2182 non
783 2140 1031 2182 secundum
1054 2141 1266 2181 meritum
1287 2141 1365 2181 sed
1394 2141 1643 2182 secundum

387 2206 674 2248 clementiam
696 2219 840 2259 agens
861 2220 939 2247 eos
958 2207 1154 2259 benigne
1176 2206 1389 2256 absolvit,
1414 2212 1459 2248 et
1479 2220 1643 2248 consu-

387 2271 473 2314 luit
492 2277 546 2313 ut
580 2273 851 2324 magistrum
887 2272 1166 2326 Stephanum
1199 2274 1255 2313 de
1287 2272 1529 2325 Langeton
1558 2274 1645 2313 sibi

385 2338 431 2378 in
463 2344 641 2391 patrem
681 2338 902 2391 eligerent
935 2343 981 2379 et
1015 2343 1265 2391 pastorem,
1301 2338 1447 2379 virum
1485 2339 1644 2391 utique

433 2459 442 2478 ¹
468 2461 581 2501 Roger
594 2461 636 2492 de
648 2461 848 2500 Wendover,
862 2460 911 2491 iii.
926 2463 1001 2500 183,
1079 2458 1093 2477 ³
1114 2462 1124 2478 ‘
1138 2463 1313 2502 cassatur,'
1330 2463 1429 2494 MSS.
1447 2463 1533 2494 Coll.
1550 2463 1644 2494 Arm.

385 2510 418 2538 et
434 2517 518 2547 seq„
530 2508 623 2548 gives
639 2517 659 2538 a
670 2516 750 2546 very
762 2507 915 2538 different
924 2516 999 2537 nar-
1032 2507 1098 2538 and
1115 2507 1203 2540 Cott.
1219 2509 1295 2540 Tib.

385 2553 851 2639 ,hm
1265 2577 1366 2608 mss
1414 2577 1538 2609 maan

384 2645 475 2676 John
501 2646 544 2676 de
572 2645 678 2684 Grey,
701 2644 915 2676 consecrated
942 2645 1000 2675 Bi·
1113 2645 1121 2654 '
1204 2647 1212 2656 ⁸

385 2691 468 2729 shop
483 2691 521 2721 os
539 2691 712 2731 Norwich‚
737 2691 888 2731 Sunday,
910 2691 1002 2729 Sept.
1077 2687 1090 2706 ⁵
1115 2689 1348 2721 ‘Norwicensi
1368 2690 1549 2730 episc0p0‚’
1571 2691 1646 2722 MS.

386 2739 439 2775 24,
456 2739 550 2767 1200.
1014 2735 1121 2767 neott.
1138 2735 1201 2765 'rib
