<?xml version="1.0" encoding="UTF-8"?>
<!DOCTYPE html PUBLIC "-//W3C//DTD XHTML 1.0 Transitional//EN"
    "http://www.w3.org/TR/xhtml1/DTD/xhtml1-transitional.dtd">
<html xmlns="http://www.w3.org/1999/xhtml" xml:lang="en" lang="en">
 <head>
  <title>
</title>
<meta http-equiv="Content-Type" content="text/html;charset=utf-8" />
  <meta name='ocr-system' content='tesseract 3.04.00' />
  <meta name='ocr-capabilities' content='ocr_page ocr_carea ocr_par ocr_line ocrx_word'/>
</head>
<body>
  <div class='ocr_page' id='page_1' title='image "./chronicondominiw01hemiuoft_0305.png"; bbox 0 0 1866 3186; ppageno 0'>
   <div class='ocr_carea' id='block_1_1' title="bbox 507 262 1238 294">
    <p class='ocr_par' dir='ltr' id='par_1_1' title="bbox 507 262 1238 294">
     <span class='ocr_line' id='line_1_1' title="bbox 507 262 1238 294; baseline 0 0"><span class='ocrx_word' id='word_1_1' title='bbox 507 262 733 294; x_wconf 76' lang='lat' dir='ltr'><strong>WAL&#39;I&#39;ERI</strong></span> <span class='ocrx_word' id='word_1_2' title='bbox 768 263 830 291; x_wconf 86' lang='lat' dir='ltr'><strong>DE</strong></span> <span class='ocrx_word' id='word_1_3' title='bbox 861 262 1238 294; x_wconf 83' lang='lat' dir='ltr'>HEM1NGBURGH.</span> 
     </span>
    </p>
   </div>
   <div class='ocr_carea' id='block_1_2' title="bbox 228 365 723 408">
    <p class='ocr_par' dir='ltr' id='par_1_2' title="bbox 228 365 723 408">
     <span class='ocr_line' id='line_1_2' title="bbox 228 365 723 408; baseline -0.004 0"><span class='ocrx_word' id='word_1_4' title='bbox 228 367 367 408; x_wconf 84' lang='lat' dir='ltr'><strong>Petro</strong></span> <span class='ocrx_word' id='word_1_5' title='bbox 418 366 474 408; x_wconf 91' lang='lat' dir='ltr'><strong>de</strong></span> <span class='ocrx_word' id='word_1_6' title='bbox 525 365 723 407; x_wconf 88' lang='lat' dir='ltr'><strong>‘Mala&#39;¹</strong></span> 
     </span>
    </p>
   </div>
   <div class='ocr_carea' id='block_1_3' title="bbox 783 366 927 416">
    <p class='ocr_par' dir='ltr' id='par_1_3' title="bbox 783 366 927 416">
     <span class='ocr_line' id='line_1_3' title="bbox 783 366 927 416; baseline 0 -9"><span class='ocrx_word' id='word_1_7' title='bbox 783 366 927 416; x_wconf 89' lang='lat' dir='ltr'><strong>Lacu,</strong></span> 
     </span>
    </p>
   </div>
   <div class='ocr_carea' id='block_1_4' title="bbox 1409 252 1496 294">
    <p class='ocr_par' dir='ltr' id='par_1_4' title="bbox 1409 252 1496 294">
     <span class='ocr_line' id='line_1_4' title="bbox 1409 252 1496 294; baseline 0 0"><span class='ocrx_word' id='word_1_8' title='bbox 1409 252 1496 294; x_wconf 77' lang='lat'><strong>283</strong></span> 
     </span>
    </p>
   </div>
   <div class='ocr_carea' id='block_1_5' title="bbox 227 431 1495 485">
    <p class='ocr_par' dir='ltr' id='par_1_5' title="bbox 227 431 1495 485">
     <span class='ocr_line' id='line_1_5' title="bbox 227 431 1495 485; baseline 0.001 -13"><span class='ocrx_word' id='word_1_9' title='bbox 227 433 407 474; x_wconf 89' lang='lat' dir='ltr'><strong>Thoma</strong></span> <span class='ocrx_word' id='word_1_10' title='bbox 441 432 498 473; x_wconf 91' lang='lat' dir='ltr'><strong>de</strong></span> <span class='ocrx_word' id='word_1_11' title='bbox 543 432 799 483; x_wconf 89' lang='lat' dir='ltr'><strong>Muletone,</strong></span> <span class='ocrx_word' id='word_1_12' title='bbox 844 432 1048 474; x_wconf 90' lang='lat' dir='ltr'><strong>Ricardo</strong></span> <span class='ocrx_word' id='word_1_13' title='bbox 1093 433 1150 474; x_wconf 87' lang='lat' dir='ltr'><strong>de</strong></span> <span class='ocrx_word' id='word_1_14' title='bbox 1195 431 1495 485; x_wconf 84' lang='lat' dir='ltr'><strong>Argenteine‚</strong></span> 
     </span>
    </p>
   </div>
   <div class='ocr_carea' id='block_1_6' title="bbox 227 563 1498 618">
    <p class='ocr_par' dir='ltr' id='par_1_6' title="bbox 227 563 1498 618">
     <span class='ocr_line' id='line_1_6' title="bbox 227 563 1498 618; baseline 0 -13"><span class='ocrx_word' id='word_1_15' title='bbox 227 563 417 605; x_wconf 80' lang='lat' dir='ltr'><strong>hanne’2</strong></span> <span class='ocrx_word' id='word_1_16' title='bbox 440 564 496 605; x_wconf 89' lang='lat' dir='ltr'><strong>de</strong></span> <span class='ocrx_word' id='word_1_17' title='bbox 513 568 526 586; x_wconf 94' lang='lat'>‘</span> <span class='ocrx_word' id='word_1_18' title='bbox 544 563 784 606; x_wconf 83' lang='lat' dir='ltr'><strong>Baalun.&#39;³</strong></span> <span class='ocrx_word' id='word_1_19' title='bbox 834 564 1010 606; x_wconf 89' lang='lat' dir='ltr'><strong>Datum</strong></span> <span class='ocrx_word' id='word_1_20' title='bbox 1030 565 1153 618; x_wconf 92' lang='lat' dir='ltr'><strong>apud</strong></span> <span class='ocrx_word' id='word_1_21' title='bbox 1179 565 1498 607; x_wconf 89' lang='lat' dir='ltr'><strong>Westmonas-</strong></span> 
     </span>
    </p>
   </div>
   <div class='ocr_carea' id='block_1_7' title="bbox 184 630 1699 710">
    <p class='ocr_par' dir='ltr' id='par_1_7' title="bbox 184 630 1699 710">
     <span class='ocr_line' id='line_1_7' title="bbox 184 630 1699 710; baseline -0.001 -38"><span class='ocrx_word' id='word_1_22' title='bbox 184 635 208 672; x_wconf 87' lang='lat'><strong><em>5</em></strong></span> <span class='ocrx_word' id='word_1_23' title='bbox 229 630 391 672; x_wconf 90' lang='lat' dir='ltr'><strong>terium</strong></span> <span class='ocrx_word' id='word_1_24' title='bbox 449 630 688 672; x_wconf 90' lang='lat' dir='ltr'><strong>undecimo</strong></span> <span class='ocrx_word' id='word_1_25' title='bbox 746 630 820 672; x_wconf 89' lang='lat' dir='ltr'><strong>die</strong></span> <span class='ocrx_word' id='word_1_26' title='bbox 877 630 1130 681; x_wconf 83' lang='lat' dir='ltr'><strong>Februarii,</strong></span> <span class='ocrx_word' id='word_1_27' title='bbox 1187 643 1308 672; x_wconf 91' lang='lat' dir='ltr'><strong>anno</strong></span> <span class='ocrx_word' id='word_1_28' title='bbox 1366 630 1497 684; x_wconf 84' lang='lat' dir='ltr'><strong>regni</strong></span> <span class='ocrx_word' id='word_1_29' title='bbox 1514 645 1699 710; x_wconf 45' lang='grc' dir='ltr'><strong>ξὲιξὲειιὲἕίη</strong></span> 
     </span>
    </p>
   </div>
   <div class='ocr_carea' id='block_1_8' title="bbox 229 694 578 738">
    <p class='ocr_par' dir='ltr' id='par_1_8' title="bbox 229 694 578 738">
     <span class='ocr_line' id='line_1_8' title="bbox 229 694 578 738; baseline 0.003 -1"><span class='ocrx_word' id='word_1_30' title='bbox 229 696 373 738; x_wconf 87' lang='lat' dir='ltr'><strong>nostri</strong></span> <span class='ocrx_word' id='word_1_31' title='bbox 398 696 550 738; x_wconf 89' lang='lat' dir='ltr'><strong>nono.&#39;</strong></span> <span class='ocrx_word' id='word_1_32' title='bbox 560 694 578 718; x_wconf 78' lang='lat'><strong>⁴</strong></span> 
     </span>
    </p>
   </div>
   <div class='ocr_carea' id='block_1_9' title="bbox 399 875 1331 934">
    <p class='ocr_par' dir='ltr' id='par_1_9' title="bbox 399 875 1331 934">
     <span class='ocr_line' id='line_1_9' title="bbox 399 875 1331 934; baseline -0.002 -12"><span class='ocrx_word' id='word_1_33' title='bbox 399 880 667 934; x_wconf 75' lang='lat' dir='ltr'><strong>Confirmatio</strong></span> <span class='ocrx_word' id='word_1_34' title='bbox 690 880 917 921; x_wconf 76' lang='lat' dir='ltr'><strong>Oartarmn</strong></span> <span class='ocrx_word' id='word_1_35' title='bbox 938 879 984 921; x_wconf 71' lang='lat' dir='ltr'><strong>in</strong></span> <span class='ocrx_word' id='word_1_36' title='bbox 1003 879 1153 921; x_wconf 79' lang='lat' dir='ltr'><strong>AEtate</strong></span> <span class='ocrx_word' id='word_1_37' title='bbox 1163 875 1331 934; x_wconf 76' lang='lat' dir='ltr'><strong>plena.⁵</strong></span> 
     </span>
    </p>
   </div>
   <div class='ocr_carea' id='block_1_10' title="bbox 163 993 1700 1123">
    <p class='ocr_par' dir='ltr' id='par_1_10' title="bbox 163 993 1700 1123">
     <span class='ocr_line' id='line_1_10' title="bbox 297 993 1700 1048; baseline -0.004 -11"><span class='ocrx_word' id='word_1_38' title='bbox 297 999 309 1018; x_wconf 94' lang='lat'>‘</span> <span class='ocrx_word' id='word_1_39' title='bbox 327 995 574 1046; x_wconf 73' lang='lat' dir='ltr'><strong>Reatinus,</strong></span> <span class='ocrx_word' id='word_1_40' title='bbox 610 995 700 1037; x_wconf 90' lang='lat' dir='ltr'><strong>Dei</strong></span> <span class='ocrx_word' id='word_1_41' title='bbox 731 996 901 1048; x_wconf 84' lang='lat' dir='ltr'><strong>gratia,</strong></span> <span class='ocrx_word' id='word_1_42' title='bbox 936 1008 1020 1036; x_wconf 86' lang='lat' dir='ltr'><strong>rex</strong></span> <span class='ocrx_word' id='word_1_43' title='bbox 1051 993 1253 1047; x_wconf 76' lang='lat' dir='ltr'><strong>Angliae&#39;,</strong></span> <span class='ocrx_word' id='word_1_44' title='bbox 1283 994 1495 1036; x_wconf 91' lang='lat' dir='ltr'><strong>dominus</strong></span> <span class='ocrx_word' id='word_1_45' title='bbox 1528 1007 1700 1033; x_wconf 44' lang='lat' dir='ltr'><strong>snam.</strong></span> 
     </span>
     <span class='ocr_line' id='line_1_11' title="bbox 163 1059 1322 1123; baseline -0.002 -20"><span class='ocrx_word' id='word_1_46' title='bbox 163 1086 211 1123; x_wconf 78' lang='lat'><strong>10</strong></span> <span class='ocrx_word' id='word_1_47' title='bbox 232 1061 498 1116; x_wconf 88' lang='lat' dir='ltr'><strong>Hyberniae,</strong></span> <span class='ocrx_word' id='word_1_48' title='bbox 520 1062 617 1102; x_wconf 85' lang='lat' dir='ltr'><strong>dux</strong></span> <span class='ocrx_word' id='word_1_49' title='bbox 634 1060 934 1103; x_wconf 85' lang='lat' dir='ltr'><strong>Normanniae</strong></span> <span class='ocrx_word' id='word_1_50' title='bbox 966 1066 1012 1102; x_wconf 91' lang='lat' dir='ltr'><strong>et</strong></span> <span class='ocrx_word' id='word_1_51' title='bbox 1040 1059 1322 1114; x_wconf 86' lang='lat' dir='ltr'><strong>Aquitaniae,</strong></span> 
     </span>
    </p>
   </div>
   <div class='ocr_carea' id='block_1_11' title="bbox 228 1122 1498 1439">
    <p class='ocr_par' dir='ltr' id='par_1_11' title="bbox 228 1122 1498 1439">
     <span class='ocr_line' id='line_1_12' title="bbox 230 1122 1494 1181; baseline -0.002 -12"><span class='ocrx_word' id='word_1_52' title='bbox 230 1127 505 1181; x_wconf 81' lang='lat' dir='ltr'><strong>Andgaviae‚</strong></span> <span class='ocrx_word' id='word_1_53' title='bbox 521 1122 777 1169; x_wconf 87' lang='lat' dir='ltr'><strong>omnibus’6</strong></span> <span class='ocrx_word' id='word_1_54' title='bbox 799 1126 971 1169; x_wconf 86' lang='lat' dir='ltr'><strong>Christi</strong></span> <span class='ocrx_word' id='word_1_55' title='bbox 993 1126 1201 1167; x_wconf 92' lang='lat' dir='ltr'><strong>fidelibus</strong></span> <span class='ocrx_word' id='word_1_56' title='bbox 1221 1131 1494 1179; x_wconf 70' lang='lat' dir='ltr'><strong>praesentem</strong></span> 
     </span>
     <span class='ocr_line' id='line_1_13' title="bbox 229 1192 1496 1247; baseline -0.001 -13"><span class='ocrx_word' id='word_1_57' title='bbox 229 1199 403 1235; x_wconf 89' lang='lat' dir='ltr'><strong>cartam</strong></span> <span class='ocrx_word' id='word_1_58' title='bbox 426 1193 715 1247; x_wconf 89' lang='lat' dir='ltr'><strong>inspecturis,</strong></span> <span class='ocrx_word' id='word_1_59' title='bbox 736 1192 948 1235; x_wconf 86' lang='lat' dir='ltr'><strong>salutem.</strong></span> <span class='ocrx_word' id='word_1_60' title='bbox 992 1192 1158 1234; x_wconf 91' lang='lat' dir='ltr'><strong>Sciatis</strong></span> <span class='ocrx_word' id='word_1_61' title='bbox 1183 1192 1304 1246; x_wconf 91' lang='lat' dir='ltr'><strong>quod</strong></span> <span class='ocrx_word' id='word_1_62' title='bbox 1326 1192 1496 1233; x_wconf 87' lang='lat' dir='ltr'><strong>intuitu</strong></span> 
     </span>
     <span class='ocr_line' id='line_1_14' title="bbox 230 1258 1496 1312; baseline -0.002 -12"><span class='ocrx_word' id='word_1_63' title='bbox 230 1259 332 1308; x_wconf 87' lang='lat' dir='ltr'><strong>Dei,</strong></span> <span class='ocrx_word' id='word_1_64' title='bbox 368 1264 414 1300; x_wconf 90' lang='lat' dir='ltr'><strong>et</strong></span> <span class='ocrx_word' id='word_1_65' title='bbox 451 1272 535 1312; x_wconf 91' lang='lat' dir='ltr'><strong>pro</strong></span> <span class='ocrx_word' id='word_1_66' title='bbox 570 1258 718 1300; x_wconf 89' lang='lat' dir='ltr'><strong>salute</strong></span> <span class='ocrx_word' id='word_1_67' title='bbox 752 1259 916 1300; x_wconf 76' lang='lat' dir='ltr'><strong>animae</strong></span> <span class='ocrx_word' id='word_1_68' title='bbox 955 1262 1124 1299; x_wconf 86' lang='lat' dir='ltr'><strong>nostrae</strong></span> <span class='ocrx_word' id='word_1_69' title='bbox 1160 1263 1207 1299; x_wconf 90' lang='lat' dir='ltr'><strong>et</strong></span> <span class='ocrx_word' id='word_1_70' title='bbox 1242 1258 1496 1299; x_wconf 87' lang='lat' dir='ltr'><strong>animarum</strong></span> 
     </span>
     <span class='ocr_line' id='line_1_15' title="bbox 228 1321 1498 1374; baseline -0.001 -9"><span class='ocrx_word' id='word_1_71' title='bbox 228 1329 570 1366; x_wconf 89' lang='lat' dir='ltr'><strong>antecessorum</strong></span> <span class='ocrx_word' id='word_1_72' title='bbox 602 1329 649 1365; x_wconf 88' lang='lat' dir='ltr'><strong>et</strong></span> <span class='ocrx_word' id='word_1_73' title='bbox 680 1324 912 1365; x_wconf 88' lang='lat' dir='ltr'><strong>haeredum</strong></span> <span class='ocrx_word' id='word_1_74' title='bbox 946 1329 1223 1374; x_wconf 87' lang='lat' dir='ltr'><strong>nostrorum,</strong></span> <span class='ocrx_word' id='word_1_75' title='bbox 1252 1321 1382 1364; x_wconf 84' lang='lat' dir='ltr'><strong>‘ad&#39;⁷</strong></span> <span class='ocrx_word' id='word_1_76' title='bbox 1416 1337 1498 1365; x_wconf 87' lang='lat' dir='ltr'><strong>ex-</strong></span> 
     </span>
     <span class='ocr_line' id='line_1_16' title="bbox 229 1389 1495 1439; baseline -0.001 -8"><span class='ocrx_word' id='word_1_77' title='bbox 229 1390 497 1431; x_wconf 87' lang='lat' dir='ltr'><strong>altationem</strong></span> <span class='ocrx_word' id='word_1_78' title='bbox 552 1394 726 1431; x_wconf 85' lang='lat' dir='ltr'><strong>sanctae</strong></span> <span class='ocrx_word' id='word_1_79' title='bbox 777 1389 996 1439; x_wconf 74' lang='lat' dir='ltr'><strong>ecclesiae,</strong></span> <span class='ocrx_word' id='word_1_80' title='bbox 1041 1394 1087 1431; x_wconf 90' lang='lat' dir='ltr'><strong>et</strong></span> <span class='ocrx_word' id='word_1_81' title='bbox 1132 1389 1495 1432; x_wconf 84' lang='lat' dir='ltr'><strong>emendationem</strong></span> 
     </span>
    </p>
   </div>
   <div class='ocr_carea' id='block_1_12' title="bbox 163 1454 1498 1508">
    <p class='ocr_par' dir='ltr' id='par_1_12' title="bbox 163 1454 1498 1508">
     <span class='ocr_line' id='line_1_17' title="bbox 163 1454 1498 1508; baseline -0.003 -8"><span class='ocrx_word' id='word_1_82' title='bbox 163 1462 212 1499; x_wconf 90' lang='lat'><strong>15</strong></span> <span class='ocrx_word' id='word_1_83' title='bbox 230 1456 360 1508; x_wconf 80' lang='lat' dir='ltr'><strong>regni</strong></span> <span class='ocrx_word' id='word_1_84' title='bbox 404 1455 565 1506; x_wconf 86' lang='lat' dir='ltr'><strong>nostri,</strong></span> <span class='ocrx_word' id='word_1_85' title='bbox 608 1455 914 1497; x_wconf 87' lang='lat' dir='ltr'><strong>concessimus</strong></span> <span class='ocrx_word' id='word_1_86' title='bbox 958 1459 1005 1496; x_wconf 90' lang='lat' dir='ltr'><strong>et</strong></span> <span class='ocrx_word' id='word_1_87' title='bbox 1043 1454 1129 1496; x_wconf 91' lang='lat' dir='ltr'><strong>hac</strong></span> <span class='ocrx_word' id='word_1_88' title='bbox 1175 1460 1305 1496; x_wconf 90' lang='lat' dir='ltr'><strong>carta</strong></span> <span class='ocrx_word' id='word_1_89' title='bbox 1340 1460 1498 1496; x_wconf 88' lang='lat' dir='ltr'><strong>nostra</strong></span> 
     </span>
    </p>
   </div>
   <div class='ocr_carea' id='block_1_13' title="bbox 230 1520 1498 1770">
    <p class='ocr_par' dir='ltr' id='par_1_13' title="bbox 230 1520 1498 1770">
     <span class='ocr_line' id='line_1_18' title="bbox 230 1520 1496 1574; baseline 0 -13"><span class='ocrx_word' id='word_1_90' title='bbox 230 1521 601 1562; x_wconf 87' lang='lat' dir='ltr'><strong>confirmavimus</strong></span> <span class='ocrx_word' id='word_1_91' title='bbox 636 1520 1003 1574; x_wconf 87' lang='lat' dir='ltr'><strong>archiepiscopis,</strong></span> <span class='ocrx_word' id='word_1_92' title='bbox 1043 1521 1286 1574; x_wconf 89' lang='lat' dir='ltr'><strong>episcopis,</strong></span> <span class='ocrx_word' id='word_1_93' title='bbox 1317 1521 1496 1562; x_wconf 89' lang='lat' dir='ltr'><strong>abbati-</strong></span> 
     </span>
     <span class='ocr_line' id='line_1_19' title="bbox 230 1586 1497 1639; baseline 0 -12"><span class='ocrx_word' id='word_1_94' title='bbox 230 1587 331 1636; x_wconf 90' lang='lat' dir='ltr'><strong>bus,</strong></span> <span class='ocrx_word' id='word_1_95' title='bbox 368 1587 609 1639; x_wconf 86' lang='lat' dir='ltr'><strong>prioribus,</strong></span> <span class='ocrx_word' id='word_1_96' title='bbox 652 1586 910 1636; x_wconf 88' lang='lat' dir='ltr'><strong>comitibus,</strong></span> <span class='ocrx_word' id='word_1_97' title='bbox 953 1587 1217 1637; x_wconf 86' lang='lat' dir='ltr'><strong>baronibus,</strong></span> <span class='ocrx_word' id='word_1_98' title='bbox 1262 1586 1497 1636; x_wconf 88' lang='lat' dir='ltr'><strong>militibus,</strong></span> 
     </span>
     <span class='ocr_line' id='line_1_20' title="bbox 230 1651 1497 1704; baseline 0 -12"><span class='ocrx_word' id='word_1_99' title='bbox 230 1651 384 1692; x_wconf 88' lang='lat' dir='ltr'><strong>liberis</strong></span> <span class='ocrx_word' id='word_1_100' title='bbox 418 1652 692 1702; x_wconf 89' lang='lat' dir='ltr'><strong>hominibus,</strong></span> <span class='ocrx_word' id='word_1_101' title='bbox 727 1657 773 1692; x_wconf 89' lang='lat' dir='ltr'><strong>et</strong></span> <span class='ocrx_word' id='word_1_102' title='bbox 809 1652 1020 1693; x_wconf 91' lang='lat' dir='ltr'><strong>omnibus</strong></span> <span class='ocrx_word' id='word_1_103' title='bbox 1063 1652 1120 1692; x_wconf 90' lang='lat' dir='ltr'><strong>de</strong></span> <span class='ocrx_word' id='word_1_104' title='bbox 1155 1664 1298 1704; x_wconf 83' lang='lat' dir='ltr'><strong>regno</strong></span> <span class='ocrx_word' id='word_1_105' title='bbox 1340 1657 1497 1693; x_wconf 91' lang='lat' dir='ltr'><strong>nostro</strong></span> 
     </span>
     <span class='ocr_line' id='line_1_21' title="bbox 232 1716 1498 1770; baseline -0.001 -12"><span class='ocrx_word' id='word_1_106' title='bbox 232 1716 414 1770; x_wconf 83' lang='lat' dir='ltr'><strong>Angliae</strong></span> <span class='ocrx_word' id='word_1_107' title='bbox 441 1730 598 1759; x_wconf 89' lang='lat' dir='ltr'><strong>omnes</strong></span> <span class='ocrx_word' id='word_1_108' title='bbox 623 1717 859 1758; x_wconf 87' lang='lat' dir='ltr'><strong>libertates</strong></span> <span class='ocrx_word' id='word_1_109' title='bbox 886 1721 933 1758; x_wconf 91' lang='lat' dir='ltr'><strong>et</strong></span> <span class='ocrx_word' id='word_1_110' title='bbox 955 1716 1123 1758; x_wconf 88' lang='lat' dir='ltr'><strong>liberas</strong></span> <span class='ocrx_word' id='word_1_111' title='bbox 1147 1716 1498 1758; x_wconf 90' lang='lat' dir='ltr'><strong>consuetudines</strong></span> 
     </span>
    </p>
   </div>
   <div class='ocr_carea' id='block_1_14' title="bbox 159 1780 1496 1836">
    <p class='ocr_par' dir='ltr' id='par_1_14' title="bbox 159 1780 1496 1836">
     <span class='ocr_line' id='line_1_22' title="bbox 159 1780 1496 1836; baseline -0.001 -12"><span class='ocrx_word' id='word_1_112' title='bbox 159 1780 211 1817; x_wconf 85' lang='lat'><strong>20</strong></span> <span class='ocrx_word' id='word_1_113' title='bbox 231 1788 471 1825; x_wconf 88' lang='lat' dir='ltr'><strong>contentas</strong></span> <span class='ocrx_word' id='word_1_114' title='bbox 496 1783 543 1823; x_wconf 94' lang='lat' dir='ltr'><strong>in</strong></span> <span class='ocrx_word' id='word_1_115' title='bbox 572 1783 711 1824; x_wconf 89' lang='lat' dir='ltr'><strong>cartis</strong></span> <span class='ocrx_word' id='word_1_116' title='bbox 743 1782 911 1825; x_wconf 90' lang='lat' dir='ltr'><strong>nostris</strong></span> <span class='ocrx_word' id='word_1_117' title='bbox 942 1795 1057 1836; x_wconf 88' lang='lat' dir='ltr'><strong>quas</strong></span> <span class='ocrx_word' id='word_1_118' title='bbox 1089 1782 1258 1823; x_wconf 88' lang='lat' dir='ltr'><strong>eisdem</strong></span> <span class='ocrx_word' id='word_1_119' title='bbox 1289 1782 1496 1823; x_wconf 90' lang='lat' dir='ltr'><strong>fidelibus</strong></span> 
     </span>
    </p>
   </div>
   <div class='ocr_carea' id='block_1_15' title="bbox 231 1847 1496 1898">
    <p class='ocr_par' dir='ltr' id='par_1_15' title="bbox 231 1847 1496 1898">
     <span class='ocr_line' id='line_1_23' title="bbox 231 1847 1496 1898; baseline 0 -9"><span class='ocrx_word' id='word_1_120' title='bbox 231 1849 401 1890; x_wconf 87' lang='lat' dir='ltr'><strong>nostris</strong></span> <span class='ocrx_word' id='word_1_121' title='bbox 431 1849 530 1890; x_wconf 90' lang='lat' dir='ltr'><strong>fieri</strong></span> <span class='ocrx_word' id='word_1_122' title='bbox 555 1848 743 1890; x_wconf 88' lang='lat' dir='ltr'><strong>fecimus</strong></span> <span class='ocrx_word' id='word_1_123' title='bbox 767 1861 870 1889; x_wconf 93' lang='lat' dir='ltr'><strong>cum</strong></span> <span class='ocrx_word' id='word_1_124' title='bbox 894 1847 1082 1889; x_wconf 89' lang='lat' dir='ltr'><strong>minoris</strong></span> <span class='ocrx_word' id='word_1_125' title='bbox 1105 1859 1306 1889; x_wconf 88' lang='lat' dir='ltr'><strong>essemus</strong></span> <span class='ocrx_word' id='word_1_126' title='bbox 1330 1847 1496 1898; x_wconf 88' lang='lat' dir='ltr'><strong>aetatis,</strong></span> 
     </span>
    </p>
   </div>
   <div class='ocr_carea' id='block_1_16' title="bbox 230 1914 846 1967">
    <p class='ocr_par' dir='ltr' id='par_1_16' title="bbox 230 1914 846 1967">
     <span class='ocr_line' id='line_1_24' title="bbox 230 1914 846 1967; baseline 0 -12"><span class='ocrx_word' id='word_1_127' title='bbox 230 1914 403 1956; x_wconf 91' lang='lat' dir='ltr'><strong>scilicet</strong></span> <span class='ocrx_word' id='word_1_128' title='bbox 445 1919 540 1956; x_wconf 90' lang='lat' dir='ltr'><strong>tam</strong></span> <span class='ocrx_word' id='word_1_129' title='bbox 582 1915 629 1955; x_wconf 94' lang='lat' dir='ltr'><strong>in</strong></span> <span class='ocrx_word' id='word_1_130' title='bbox 669 1914 846 1967; x_wconf 84' lang='lat' dir='ltr'><strong>Magna</strong></span> 
     </span>
    </p>
   </div>
   <div class='ocr_carea' id='block_1_17' title="bbox 276 2065 564 2161">
    <p class='ocr_par' dir='ltr' id='par_1_17' title="bbox 276 2065 564 2161">
     <span class='ocr_line' id='line_1_25' title="bbox 276 2065 453 2099; baseline 0 0"><span class='ocrx_word' id='word_1_131' title='bbox 276 2065 286 2087; x_wconf 91' lang='lat'>¹</span> <span class='ocrx_word' id='word_1_132' title='bbox 309 2067 319 2085; x_wconf 88' lang='lat'>‘</span> <span class='ocrx_word' id='word_1_133' title='bbox 332 2067 453 2099; x_wconf 67' lang='lat' dir='ltr'><strong>Malo!</strong></span> 
     </span>
     <span class='ocr_line' id='line_1_26' title="bbox 276 2126 564 2161; baseline 0 -1"><span class='ocrx_word' id='word_1_134' title='bbox 276 2126 290 2145; x_wconf 78' lang='lat'>²</span> <span class='ocrx_word' id='word_1_135' title='bbox 310 2129 320 2146; x_wconf 83' lang='lat'><strong><em>⁴</em></strong></span> <span class='ocrx_word' id='word_1_136' title='bbox 334 2132 369 2160; x_wconf 89' lang='lat' dir='ltr'><strong>et</strong></span> <span class='ocrx_word' id='word_1_137' title='bbox 383 2126 564 2161; x_wconf 80' lang='lat' dir='ltr'><strong>Johanne.’</strong></span> 
     </span>
    </p>
   </div>
   <div class='ocr_carea' id='block_1_18' title="bbox 276 2191 612 2224">
    <p class='ocr_par' dir='ltr' id='par_1_18' title="bbox 276 2191 612 2224">
     <span class='ocr_line' id='line_1_27' title="bbox 276 2191 612 2224; baseline 0 0"><span class='ocrx_word' id='word_1_138' title='bbox 276 2192 290 2213; x_wconf 81' lang='lat'>³</span> <span class='ocrx_word' id='word_1_139' title='bbox 312 2195 322 2211; x_wconf 90' lang='lat'>‘</span> <span class='ocrx_word' id='word_1_140' title='bbox 335 2194 448 2224; x_wconf 86' lang='lat' dir='ltr'><strong>Balun</strong></span> <span class='ocrx_word' id='word_1_141' title='bbox 463 2196 496 2224; x_wconf 84' lang='lat' dir='ltr'><strong>et</strong></span> <span class='ocrx_word' id='word_1_142' title='bbox 512 2191 612 2224; x_wconf 86' lang='lat' dir='ltr'><strong>aliis.&#39;</strong></span> 
     </span>
    </p>
   </div>
   <div class='ocr_carea' id='block_1_19' title="bbox 230 2248 847 2796">
    <p class='ocr_par' dir='ltr' id='par_1_19' title="bbox 230 2248 847 2796">
     <span class='ocr_line' id='line_1_28' title="bbox 279 2248 846 2282; baseline -0.004 -1"><span class='ocrx_word' id='word_1_143' title='bbox 279 2252 291 2270; x_wconf 88' lang='lat'><strong>⁴</strong></span> <span class='ocrx_word' id='word_1_144' title='bbox 315 2250 325 2267; x_wconf 89' lang='lat'>‘</span> <span class='ocrx_word' id='word_1_145' title='bbox 335 2260 431 2282; x_wconf 89' lang='lat' dir='ltr'><strong>nono.</strong></span> <span class='ocrx_word' id='word_1_146' title='bbox 496 2250 570 2281; x_wconf 91' lang='lat' dir='ltr'><strong>Nos</strong></span> <span class='ocrx_word' id='word_1_147' title='bbox 601 2251 713 2280; x_wconf 82' lang='lat' dir='ltr'><strong>autem</strong></span> <span class='ocrx_word' id='word_1_148' title='bbox 744 2248 846 2279; x_wconf 86' lang='lat' dir='ltr'><strong>dona-</strong></span> 
     </span>
     <span class='ocr_line' id='line_1_29' title="bbox 231 2294 846 2334; baseline -0.003 -7"><span class='ocrx_word' id='word_1_149' title='bbox 231 2297 339 2328; x_wconf 85' lang='lat' dir='ltr'><strong>tiones</strong></span> <span class='ocrx_word' id='word_1_150' title='bbox 354 2299 388 2327; x_wconf 91' lang='lat' dir='ltr'><strong>et</strong></span> <span class='ocrx_word' id='word_1_151' title='bbox 410 2296 641 2327; x_wconf 86' lang='lat' dir='ltr'><strong>concessiones</strong></span> <span class='ocrx_word' id='word_1_152' title='bbox 664 2294 846 2334; x_wconf 87' lang='lat' dir='ltr'><strong>praedictas</strong></span> 
     </span>
     <span class='ocr_line' id='line_1_30' title="bbox 232 2342 846 2382; baseline -0.003 -9"><span class='ocrx_word' id='word_1_153' title='bbox 232 2346 322 2373; x_wconf 85' lang='lat' dir='ltr'><strong>ratas</strong></span> <span class='ocrx_word' id='word_1_154' title='bbox 337 2342 499 2373; x_wconf 84' lang='lat' dir='ltr'><strong>habentes</strong></span> <span class='ocrx_word' id='word_1_155' title='bbox 519 2345 553 2374; x_wconf 89' lang='lat' dir='ltr'><strong>et</strong></span> <span class='ocrx_word' id='word_1_156' title='bbox 574 2344 688 2382; x_wconf 85' lang='lat' dir='ltr'><strong>gratas</strong></span> <span class='ocrx_word' id='word_1_157' title='bbox 707 2350 766 2373; x_wconf 87' lang='lat' dir='ltr'><strong>eas</strong></span> <span class='ocrx_word' id='word_1_158' title='bbox 786 2350 846 2380; x_wconf 91' lang='lat' dir='ltr'><strong>pro</strong></span> 
     </span>
     <span class='ocr_line' id='line_1_31' title="bbox 231 2386 847 2419; baseline -0.003 0"><span class='ocrx_word' id='word_1_159' title='bbox 231 2389 327 2419; x_wconf 91' lang='lat' dir='ltr'><strong>nobis</strong></span> <span class='ocrx_word' id='word_1_160' title='bbox 339 2391 372 2419; x_wconf 88' lang='lat' dir='ltr'><strong>et</strong></span> <span class='ocrx_word' id='word_1_161' title='bbox 383 2388 576 2419; x_wconf 87' lang='lat' dir='ltr'><strong>haeredibus</strong></span> <span class='ocrx_word' id='word_1_162' title='bbox 592 2386 714 2418; x_wconf 86' lang='lat' dir='ltr'><strong>nostris</strong></span> <span class='ocrx_word' id='word_1_163' title='bbox 730 2396 847 2418; x_wconf 92' lang='lat' dir='ltr'><strong>conce-</strong></span> 
     </span>
     <span class='ocr_line' id='line_1_32' title="bbox 233 2434 846 2472; baseline -0.003 -7"><span class='ocrx_word' id='word_1_164' title='bbox 233 2434 344 2465; x_wconf 88' lang='lat' dir='ltr'><strong>dimus</strong></span> <span class='ocrx_word' id='word_1_165' title='bbox 360 2437 393 2465; x_wconf 91' lang='lat' dir='ltr'><strong>et</strong></span> <span class='ocrx_word' id='word_1_166' title='bbox 408 2434 641 2465; x_wconf 86' lang='lat' dir='ltr'><strong>confirmamus</strong></span> <span class='ocrx_word' id='word_1_167' title='bbox 656 2442 781 2472; x_wconf 85' lang='lat' dir='ltr'><strong>easque</strong></span> <span class='ocrx_word' id='word_1_168' title='bbox 797 2436 846 2464; x_wconf 89' lang='lat' dir='ltr'><strong>te-</strong></span> 
     </span>
     <span class='ocr_line' id='line_1_33' title="bbox 233 2479 846 2519; baseline -0.002 -8"><span class='ocrx_word' id='word_1_169' title='bbox 233 2489 311 2511; x_wconf 86' lang='lat' dir='ltr'><strong>nore</strong></span> <span class='ocrx_word' id='word_1_170' title='bbox 331 2480 547 2519; x_wconf 88' lang='lat' dir='ltr'><strong>praesentium</strong></span> <span class='ocrx_word' id='word_1_171' title='bbox 565 2479 776 2518; x_wconf 86' lang='lat' dir='ltr'><strong>innovamus,</strong></span> <span class='ocrx_word' id='word_1_172' title='bbox 790 2488 846 2510; x_wconf 89' lang='lat' dir='ltr'><strong>vo-</strong></span> 
     </span>
     <span class='ocr_line' id='line_1_34' title="bbox 232 2525 847 2564; baseline -0.002 -8"><span class='ocrx_word' id='word_1_173' title='bbox 232 2526 338 2557; x_wconf 84' lang='lat' dir='ltr'><strong>lentes</strong></span> <span class='ocrx_word' id='word_1_174' title='bbox 352 2528 386 2556; x_wconf 90' lang='lat' dir='ltr'><strong>et</strong></span> <span class='ocrx_word' id='word_1_175' title='bbox 400 2526 619 2557; x_wconf 80' lang='lat' dir='ltr'><strong>concedentes</strong></span> <span class='ocrx_word' id='word_1_176' title='bbox 630 2534 690 2564; x_wconf 88' lang='lat' dir='ltr'><strong>pro</strong></span> <span class='ocrx_word' id='word_1_177' title='bbox 706 2525 802 2555; x_wconf 89' lang='lat' dir='ltr'><strong>nobis</strong></span> <span class='ocrx_word' id='word_1_178' title='bbox 813 2527 847 2556; x_wconf 88' lang='lat' dir='ltr'><strong>et</strong></span> 
     </span>
     <span class='ocr_line' id='line_1_35' title="bbox 231 2571 846 2610; baseline 0 -8"><span class='ocrx_word' id='word_1_179' title='bbox 231 2572 424 2603; x_wconf 86' lang='lat' dir='ltr'><strong>haeredibus</strong></span> <span class='ocrx_word' id='word_1_180' title='bbox 434 2572 555 2602; x_wconf 89' lang='lat' dir='ltr'><strong>nostris</strong></span> <span class='ocrx_word' id='word_1_181' title='bbox 567 2571 657 2610; x_wconf 91' lang='lat' dir='ltr'><strong>quod</strong></span> <span class='ocrx_word' id='word_1_182' title='bbox 669 2574 761 2602; x_wconf 83' lang='lat' dir='ltr'><strong>carta</strong></span> <span class='ocrx_word' id='word_1_183' title='bbox 772 2580 846 2610; x_wconf 90' lang='lat' dir='ltr'><strong>pre-</strong></span> 
     </span>
     <span class='ocr_line' id='line_1_36' title="bbox 231 2616 846 2656; baseline -0.003 -7"><span class='ocrx_word' id='word_1_184' title='bbox 231 2618 324 2649; x_wconf 84' lang='lat' dir='ltr'><strong>dicta</strong></span> <span class='ocrx_word' id='word_1_185' title='bbox 339 2618 373 2648; x_wconf 92' lang='lat' dir='ltr'><strong>in</strong></span> <span class='ocrx_word' id='word_1_186' title='bbox 387 2618 541 2648; x_wconf 86' lang='lat' dir='ltr'><strong>omnibus</strong></span> <span class='ocrx_word' id='word_1_187' title='bbox 563 2619 597 2647; x_wconf 91' lang='lat' dir='ltr'><strong>et</strong></span> <span class='ocrx_word' id='word_1_188' title='bbox 615 2616 759 2656; x_wconf 86' lang='lat' dir='ltr'><strong>singulis</strong></span> <span class='ocrx_word' id='word_1_189' title='bbox 774 2617 846 2647; x_wconf 91' lang='lat' dir='ltr'><strong>suis</strong></span> 
     </span>
     <span class='ocr_line' id='line_1_37' title="bbox 231 2662 847 2703; baseline -0.002 -9"><span class='ocrx_word' id='word_1_190' title='bbox 231 2664 382 2695; x_wconf 82' lang='lat' dir='ltr'><strong>articulis</strong></span> <span class='ocrx_word' id='word_1_191' title='bbox 397 2663 641 2703; x_wconf 84' lang='lat' dir='ltr'><strong>imperpetuum</strong></span> <span class='ocrx_word' id='word_1_192' title='bbox 662 2662 798 2693; x_wconf 84' lang='lat' dir='ltr'><strong>firmiter</strong></span> <span class='ocrx_word' id='word_1_193' title='bbox 813 2665 847 2693; x_wconf 88' lang='lat' dir='ltr'><strong>et</strong></span> 
     </span>
     <span class='ocr_line' id='line_1_38' title="bbox 230 2708 846 2748; baseline -0.002 -8"><span class='ocrx_word' id='word_1_194' title='bbox 230 2710 468 2741; x_wconf 84' lang='lat' dir='ltr'><strong>inviolabiliter</strong></span> <span class='ocrx_word' id='word_1_195' title='bbox 485 2709 692 2748; x_wconf 83' lang='lat' dir='ltr'><strong>observetur,</strong></span> <span class='ocrx_word' id='word_1_196' title='bbox 713 2708 846 2739; x_wconf 85' lang='lat' dir='ltr'><strong>etiamsi</strong></span> 
     </span>
     <span class='ocr_line' id='line_1_39' title="bbox 230 2754 844 2796; baseline -0.003 -9"><span class='ocrx_word' id='word_1_197' title='bbox 230 2756 336 2796; x_wconf 85' lang='lat' dir='ltr'><strong>aliqui</strong></span> <span class='ocrx_word' id='word_1_198' title='bbox 375 2755 509 2787; x_wconf 85' lang='lat' dir='ltr'><strong>articuli</strong></span> <span class='ocrx_word' id='word_1_199' title='bbox 540 2756 574 2786; x_wconf 92' lang='lat' dir='ltr'><strong>in</strong></span> <span class='ocrx_word' id='word_1_200' title='bbox 604 2754 721 2786; x_wconf 86' lang='lat' dir='ltr'><strong>eadem</strong></span> <span class='ocrx_word' id='word_1_201' title='bbox 752 2757 844 2786; x_wconf 84' lang='lat' dir='ltr'><strong>carta</strong></span> 
     </span>
    </p>
   </div>
   <div class='ocr_carea' id='block_1_20' title="bbox 889 1913 1497 1967">
    <p class='ocr_par' dir='ltr' id='par_1_20' title="bbox 889 1913 1497 1967">
     <span class='ocr_line' id='line_1_40' title="bbox 889 1913 1497 1967; baseline -0.002 -12"><span class='ocrx_word' id='word_1_202' title='bbox 889 1913 1030 1955; x_wconf 87' lang='lat' dir='ltr'><strong>Carta</strong></span> <span class='ocrx_word' id='word_1_203' title='bbox 1070 1919 1229 1955; x_wconf 88' lang='lat' dir='ltr'><strong>nostra</strong></span> <span class='ocrx_word' id='word_1_204' title='bbox 1271 1926 1409 1967; x_wconf 91' lang='lat' dir='ltr'><strong>quam</strong></span> <span class='ocrx_word' id='word_1_205' title='bbox 1451 1914 1497 1954; x_wconf 92' lang='lat' dir='ltr'><strong>in</strong></span> 
     </span>
    </p>
   </div>
   <div class='ocr_carea' id='block_1_21' title="bbox 880 2066 1496 2786">
    <p class='ocr_par' dir='ltr' id='par_1_21' title="bbox 880 2066 1496 2427">
     <span class='ocr_line' id='line_1_41' title="bbox 882 2066 1496 2107; baseline 0.003 -10"><span class='ocrx_word' id='word_1_206' title='bbox 882 2067 1028 2098; x_wconf 87' lang='lat' dir='ltr'><strong>contenti</strong></span> <span class='ocrx_word' id='word_1_207' title='bbox 1058 2066 1236 2107; x_wconf 86' lang='lat' dir='ltr'><strong>hucusque</strong></span> <span class='ocrx_word' id='word_1_208' title='bbox 1263 2067 1403 2099; x_wconf 87' lang='lat' dir='ltr'><strong>forsitan</strong></span> <span class='ocrx_word' id='word_1_209' title='bbox 1431 2077 1496 2099; x_wconf 89' lang='lat' dir='ltr'><strong>non</strong></span> 
     </span>
     <span class='ocr_line' id='line_1_42' title="bbox 882 2112 1495 2154; baseline 0.005 -12"><span class='ocrx_word' id='word_1_210' title='bbox 882 2112 1007 2143; x_wconf 88' lang='lat' dir='ltr'><strong>fuerint</strong></span> <span class='ocrx_word' id='word_1_211' title='bbox 1027 2113 1208 2146; x_wconf 85' lang='lat' dir='ltr'><strong>observati.</strong></span> <span class='ocrx_word' id='word_1_212' title='bbox 1256 2113 1298 2144; x_wconf 91' lang='lat' dir='ltr'><strong>In</strong></span> <span class='ocrx_word' id='word_1_213' title='bbox 1326 2115 1426 2154; x_wconf 87' lang='lat' dir='ltr'><strong>cujus</strong></span> <span class='ocrx_word' id='word_1_214' title='bbox 1448 2115 1495 2145; x_wconf 92' lang='lat' dir='ltr'><strong>rei</strong></span> 
     </span>
     <span class='ocr_line' id='line_1_43' title="bbox 882 2158 1496 2192; baseline 0.005 -4"><span class='ocrx_word' id='word_1_215' title='bbox 882 2158 1109 2189; x_wconf 89' lang='lat' dir='ltr'><strong>testimonium</strong></span> <span class='ocrx_word' id='word_1_216' title='bbox 1135 2158 1198 2190; x_wconf 83' lang='lat' dir='ltr'><strong>has</strong></span> <span class='ocrx_word' id='word_1_217' title='bbox 1223 2159 1340 2190; x_wconf 84' lang='lat' dir='ltr'><strong>literas</strong></span> <span class='ocrx_word' id='word_1_218' title='bbox 1365 2163 1496 2192; x_wconf 88' lang='lat' dir='ltr'><strong>nostras</strong></span> 
     </span>
     <span class='ocr_line' id='line_1_44' title="bbox 882 2203 1496 2243; baseline 0.005 -9"><span class='ocrx_word' id='word_1_219' title='bbox 882 2204 953 2235; x_wconf 88' lang='lat' dir='ltr'><strong>fieri</strong></span> <span class='ocrx_word' id='word_1_220' title='bbox 970 2203 1111 2235; x_wconf 84' lang='lat' dir='ltr'><strong>fecimus</strong></span> <span class='ocrx_word' id='word_1_221' title='bbox 1121 2207 1285 2243; x_wconf 83' lang='lat' dir='ltr'><strong>patentes.</strong></span> <span class='ocrx_word' id='word_1_222' title='bbox 1312 2205 1412 2237; x_wconf 84' lang='lat' dir='ltr'><strong>Teste</strong></span> <span class='ocrx_word' id='word_1_223' title='bbox 1426 2206 1496 2237; x_wconf 91' lang='lat' dir='ltr'><strong>Ed-</strong></span> 
     </span>
     <span class='ocr_line' id='line_1_45' title="bbox 882 2249 1496 2290; baseline 0.005 -10"><span class='ocrx_word' id='word_1_224' title='bbox 882 2249 999 2280; x_wconf 86' lang='lat' dir='ltr'><strong>wardo</strong></span> <span class='ocrx_word' id='word_1_225' title='bbox 1015 2250 1082 2280; x_wconf 86' lang='lat' dir='ltr'><strong>filio</strong></span> <span class='ocrx_word' id='word_1_226' title='bbox 1095 2253 1206 2281; x_wconf 88' lang='lat' dir='ltr'><strong>nostro</strong></span> <span class='ocrx_word' id='word_1_227' title='bbox 1223 2251 1315 2290; x_wconf 84' lang='lat' dir='ltr'><strong>apud</strong></span> <span class='ocrx_word' id='word_1_228' title='bbox 1330 2251 1496 2283; x_wconf 88' lang='lat' dir='ltr'><strong>Westmo-</strong></span> 
     </span>
     <span class='ocr_line' id='line_1_46' title="bbox 881 2295 1495 2335; baseline 0.003 -9"><span class='ocrx_word' id='word_1_229' title='bbox 881 2296 1078 2335; x_wconf 87' lang='lat' dir='ltr'><strong>nasterium,</strong></span> <span class='ocrx_word' id='word_1_230' title='bbox 1093 2295 1293 2327; x_wconf 89' lang='lat' dir='ltr'><strong>duodecimo</strong></span> <span class='ocrx_word' id='word_1_231' title='bbox 1315 2296 1371 2327; x_wconf 90' lang='lat' dir='ltr'><strong>die</strong></span> <span class='ocrx_word' id='word_1_232' title='bbox 1393 2297 1495 2328; x_wconf 92' lang='lat' dir='ltr'><strong>Octo-</strong></span> 
     </span>
     <span class='ocr_line' id='line_1_47' title="bbox 880 2342 1495 2382; baseline 0.005 -10"><span class='ocrx_word' id='word_1_233' title='bbox 880 2342 962 2380; x_wconf 88' lang='lat' dir='ltr'><strong>bris,</strong></span> <span class='ocrx_word' id='word_1_234' title='bbox 978 2351 1066 2373; x_wconf 86' lang='lat' dir='ltr'><strong>anno</strong></span> <span class='ocrx_word' id='word_1_235' title='bbox 1088 2342 1185 2382; x_wconf 87' lang='lat' dir='ltr'><strong>regni</strong></span> <span class='ocrx_word' id='word_1_236' title='bbox 1207 2343 1312 2374; x_wconf 86' lang='lat' dir='ltr'><strong>nostri</strong></span> <span class='ocrx_word' id='word_1_237' title='bbox 1334 2343 1495 2375; x_wconf 83' lang='lat' dir='ltr'><strong>vicesimo</strong></span> 
     </span>
     <span class='ocr_line' id='line_1_48' title="bbox 882 2388 1024 2427; baseline 0.007 -9"><span class='ocrx_word' id='word_1_238' title='bbox 882 2388 1024 2427; x_wconf 86' lang='lat' dir='ltr'><strong>quinto.&#39;</strong></span> 
     </span>
    </p>

    <p class='ocr_par' dir='ltr' id='par_1_22' title="bbox 880 2432 1494 2702">
     <span class='ocr_line' id='line_1_49' title="bbox 927 2432 1494 2474; baseline 0.004 -10"><span class='ocrx_word' id='word_1_239' title='bbox 927 2432 941 2451; x_wconf 76' lang='lat'><strong>⁶</strong></span> <span class='ocrx_word' id='word_1_240' title='bbox 961 2433 1044 2464; x_wconf 88' lang='lat' dir='ltr'><strong>This</strong></span> <span class='ocrx_word' id='word_1_241' title='bbox 1060 2433 1288 2465; x_wconf 85' lang='lat' dir='ltr'><strong>confirmation</strong></span> <span class='ocrx_word' id='word_1_242' title='bbox 1308 2434 1338 2465; x_wconf 89' lang='lat' dir='ltr'><strong>is</strong></span> <span class='ocrx_word' id='word_1_243' title='bbox 1360 2435 1494 2474; x_wconf 87' lang='lat' dir='ltr'><strong>printed</strong></span> 
     </span>
     <span class='ocr_line' id='line_1_50' title="bbox 881 2479 1494 2520; baseline 0.003 -10"><span class='ocrx_word' id='word_1_244' title='bbox 881 2479 963 2510; x_wconf 88' lang='lat' dir='ltr'><strong>from</strong></span> <span class='ocrx_word' id='word_1_245' title='bbox 989 2489 1032 2510; x_wconf 88' lang='lat' dir='ltr'><strong>an</strong></span> <span class='ocrx_word' id='word_1_246' title='bbox 1054 2479 1197 2519; x_wconf 79' lang='lat' dir='ltr'><strong>original</strong></span> <span class='ocrx_word' id='word_1_247' title='bbox 1224 2480 1398 2520; x_wconf 86' lang='lat' dir='ltr'><strong>exemplar</strong></span> <span class='ocrx_word' id='word_1_248' title='bbox 1419 2491 1494 2520; x_wconf 89' lang='lat' dir='ltr'><strong>pre-</strong></span> 
     </span>
     <span class='ocr_line' id='line_1_51' title="bbox 881 2525 1493 2567; baseline 0.003 -11"><span class='ocrx_word' id='word_1_249' title='bbox 881 2525 999 2556; x_wconf 86' lang='lat' dir='ltr'><strong>served</strong></span> <span class='ocrx_word' id='word_1_250' title='bbox 1026 2526 1059 2556; x_wconf 92' lang='lat' dir='ltr'><strong>in</strong></span> <span class='ocrx_word' id='word_1_251' title='bbox 1086 2525 1141 2556; x_wconf 91' lang='lat' dir='ltr'><strong>the</strong></span> <span class='ocrx_word' id='word_1_252' title='bbox 1162 2526 1327 2558; x_wconf 82' lang='lat' dir='ltr'><strong>Bodleian</strong></span> <span class='ocrx_word' id='word_1_253' title='bbox 1352 2526 1493 2567; x_wconf 85' lang='lat' dir='ltr'><strong>Library</strong></span> 
     </span>
     <span class='ocr_line' id='line_1_52' title="bbox 880 2571 1494 2606; baseline 0.003 -4"><span class='ocrx_word' id='word_1_254' title='bbox 880 2574 915 2602; x_wconf 81' lang='lat' dir='ltr'><strong>at</strong></span> <span class='ocrx_word' id='word_1_255' title='bbox 939 2571 1082 2606; x_wconf 79' lang='lat' dir='ltr'><strong>Oxford.</strong></span> <span class='ocrx_word' id='word_1_256' title='bbox 1128 2571 1199 2603; x_wconf 88' lang='lat' dir='ltr'><strong>The</strong></span> <span class='ocrx_word' id='word_1_257' title='bbox 1231 2571 1409 2603; x_wconf 81' lang='lat' dir='ltr'><strong>scot-notes</strong></span> <span class='ocrx_word' id='word_1_258' title='bbox 1435 2582 1494 2604; x_wconf 84' lang='lat' dir='ltr'><strong>are</strong></span> 
     </span>
     <span class='ocr_line' id='line_1_53' title="bbox 880 2617 1494 2657; baseline 0.005 -10"><span class='ocrx_word' id='word_1_259' title='bbox 880 2617 936 2648; x_wconf 88' lang='lat' dir='ltr'><strong>the</strong></span> <span class='ocrx_word' id='word_1_260' title='bbox 952 2617 1110 2657; x_wconf 84' lang='lat' dir='ltr'><strong>readings</strong></span> <span class='ocrx_word' id='word_1_261' title='bbox 1134 2617 1173 2648; x_wconf 87' lang='lat' dir='ltr'><strong>of</strong></span> <span class='ocrx_word' id='word_1_262' title='bbox 1190 2617 1245 2648; x_wconf 91' lang='lat' dir='ltr'><strong>the</strong></span> <span class='ocrx_word' id='word_1_263' title='bbox 1269 2621 1363 2657; x_wconf 88' lang='lat' dir='ltr'><strong>entry</strong></span> <span class='ocrx_word' id='word_1_264' title='bbox 1378 2628 1421 2649; x_wconf 89' lang='lat' dir='ltr'><strong>on</strong></span> <span class='ocrx_word' id='word_1_265' title='bbox 1437 2618 1494 2650; x_wconf 88' lang='lat' dir='ltr'><strong>the</strong></span> 
     </span>
     <span class='ocr_line' id='line_1_54' title="bbox 881 2663 1486 2702; baseline 0.005 -8"><span class='ocrx_word' id='word_1_266' title='bbox 881 2663 1023 2694; x_wconf 68' lang='lat' dir='ltr'><strong>Chai-ter</strong></span> <span class='ocrx_word' id='word_1_267' title='bbox 1038 2663 1126 2702; x_wconf 83' lang='lat' dir='ltr'><strong>Roll,</strong></span> <span class='ocrx_word' id='word_1_268' title='bbox 1142 2665 1179 2694; x_wconf 83' lang='lat'><strong>21</strong></span> <span class='ocrx_word' id='word_1_269' title='bbox 1201 2663 1291 2696; x_wconf 86' lang='lat' dir='ltr'><strong>Heu.</strong></span> <span class='ocrx_word' id='word_1_270' title='bbox 1308 2664 1377 2696; x_wconf 90' lang='lat'><em>111.</em></span> <span class='ocrx_word' id='word_1_271' title='bbox 1394 2674 1437 2697; x_wconf 87' lang='lat' dir='ltr'><strong>m.</strong></span> <span class='ocrx_word' id='word_1_272' title='bbox 1454 2667 1486 2697; x_wconf 78' lang='lat'><strong>⁷.</strong></span> 
     </span>
    </p>

    <p class='ocr_par' dir='ltr' id='par_1_23' title="bbox 927 2706 1254 2742">
     <span class='ocr_line' id='line_1_55' title="bbox 927 2706 1254 2742; baseline 0.006 -3"><span class='ocrx_word' id='word_1_273' title='bbox 927 2706 941 2726; x_wconf 85' lang='lat'>⁶</span> <span class='ocrx_word' id='word_1_274' title='bbox 964 2709 974 2726; x_wconf 89' lang='lat'>‘</span> <span class='ocrx_word' id='word_1_275' title='bbox 988 2709 1059 2740; x_wconf 84' lang='lat' dir='ltr'><strong>Rex</strong></span> <span class='ocrx_word' id='word_1_276' title='bbox 1077 2706 1254 2742; x_wconf 62' lang='lat' dir='ltr'><strong>omnibus?</strong></span> 
     </span>
    </p>

    <p class='ocr_par' dir='ltr' id='par_1_24' title="bbox 928 2752 1103 2786">
     <span class='ocr_line' id='line_1_56' title="bbox 928 2752 1103 2786; baseline 0.006 -1"><span class='ocrx_word' id='word_1_277' title='bbox 928 2752 941 2772; x_wconf 98' lang='lat'><strong>⁷</strong></span> <span class='ocrx_word' id='word_1_278' title='bbox 964 2757 973 2772; x_wconf 87' lang='lat'>‘</span> <span class='ocrx_word' id='word_1_279' title='bbox 987 2758 1020 2786; x_wconf 88' lang='lat' dir='ltr'><strong>et</strong></span> <span class='ocrx_word' id='word_1_280' title='bbox 1035 2755 1103 2786; x_wconf 68' lang='lat' dir='ltr'><strong>ad!</strong></span> 
     </span>
    </p>
   </div>
   <div class='ocr_carea' id='block_1_22' title="bbox 982 366 1696 439">
    <p class='ocr_par' dir='ltr' id='par_1_25' title="bbox 982 366 1696 439">
     <span class='ocr_line' id='line_1_57' title="bbox 982 366 1696 439; baseline -0.003 -32"><span class='ocrx_word' id='word_1_281' title='bbox 982 366 1156 408; x_wconf 89' lang='lat' dir='ltr'><strong>Briano</strong></span> <span class='ocrx_word' id='word_1_282' title='bbox 1184 366 1263 417; x_wconf 57' lang='lat' dir='ltr'><strong>‚de</strong></span> <span class='ocrx_word' id='word_1_283' title='bbox 1316 366 1494 416; x_wconf 89' lang='lat' dir='ltr'><strong>Insula,</strong></span> <span class='ocrx_word' id='word_1_284' title='bbox 1529 379 1696 439; x_wconf 62' lang='lat' dir='ltr'><strong>ff⁰ss“1¹2¹2¹„=:</strong></span> 
     </span>
    </p>
   </div>
   <div class='ocr_carea' id='block_1_23' title="bbox 1513 449 1713 454">
    <p class='ocr_par' dir='ltr' id='par_1_26' title="bbox 1513 449 1713 454">
     <span class='ocr_line' id='line_1_58' title="bbox 1513 449 1713 454; baseline 0 0"><span class='ocrx_word' id='word_1_285' title='bbox 1513 449 1713 454; x_wconf 95' lang='lat' dir='ltr'><strong> </strong></span> 
     </span>
    </p>
   </div>
   <div class='ocr_carea' id='block_1_24' title="bbox 1513 469 1664 494">
    <p class='ocr_par' dir='ltr' id='par_1_27' title="bbox 1513 469 1664 494">
     <span class='ocr_line' id='line_1_59' title="bbox 1513 469 1664 494; baseline 0 -1"><span class='ocrx_word' id='word_1_286' title='bbox 1513 469 1617 493; x_wconf 78' lang='lat' dir='ltr'><strong>Charta</strong></span> <span class='ocrx_word' id='word_1_287' title='bbox 1629 469 1664 494; x_wconf 87' lang='lat' dir='ltr'><strong>de</strong></span> 
     </span>
    </p>
   </div>
   <div class='ocr_carea' id='block_1_25' title="bbox 228 497 1638 549">
    <p class='ocr_par' dir='ltr' id='par_1_28' title="bbox 228 497 1638 549">
     <span class='ocr_line' id='line_1_60' title="bbox 228 497 1638 549; baseline -0.001 -9"><span class='ocrx_word' id='word_1_288' title='bbox 228 497 454 540; x_wconf 85' lang='lat' dir='ltr'><strong>Gaufrido</strong></span> <span class='ocrx_word' id='word_1_289' title='bbox 493 498 550 539; x_wconf 88' lang='lat' dir='ltr'><strong>de</strong></span> <span class='ocrx_word' id='word_1_290' title='bbox 592 498 635 539; x_wconf 90' lang='lat' dir='ltr'>N</span> <span class='ocrx_word' id='word_1_291' title='bbox 641 498 792 548; x_wconf 85' lang='lat' dir='ltr'><strong>eville,</strong></span> <span class='ocrx_word' id='word_1_292' title='bbox 825 498 1076 540; x_wconf 89' lang='lat' dir='ltr'><strong>Willielmo</strong></span> <span class='ocrx_word' id='word_1_293' title='bbox 1109 498 1342 549; x_wconf 86' lang='lat' dir='ltr'><strong>Mauduit‚</strong></span> <span class='ocrx_word' id='word_1_294' title='bbox 1385 502 1398 521; x_wconf 87' lang='lat'>‘</span> <span class='ocrx_word' id='word_1_295' title='bbox 1413 498 1443 539; x_wconf 89' lang='lat' dir='ltr'><strong>J</strong></span> <span class='ocrx_word' id='word_1_296' title='bbox 1448 512 1498 540; x_wconf 96' lang='lat' dir='ltr'><strong>o-</strong></span> <span class='ocrx_word' id='word_1_297' title='bbox 1514 502 1638 528; x_wconf 53' lang='lat' dir='ltr'><strong>Potest&amp;</strong></span> 
     </span>
    </p>
   </div>
   <div class='ocr_carea' id='block_1_26' title="bbox 1344 1054 1694 1103">
    <p class='ocr_par' dir='ltr' id='par_1_29' title="bbox 1344 1054 1694 1113">
     <span class='ocr_line' id='line_1_61' title="bbox 1344 1054 1694 1103; baseline 0 10"><span class='ocrx_word' id='word_1_298' title='bbox 1344 1073 1495 1103; x_wconf 78' lang='lat' dir='ltr'><strong>comes</strong></span> <span class='ocrx_word' id='word_1_299' title='bbox 1513 1054 1694 1080; x_wconf 63' lang='lat'><strong>¹³⁸</strong></span> 
     </span>
    </p>
   </div>
   <div class='ocr_carea' id='block_1_27' title="bbox 1511 1124 1653 1180">
    <p class='ocr_par' dir='ltr' id='par_1_30' title="bbox 1511 1124 1653 1180">
     <span class='ocr_line' id='line_1_62' title="bbox 1511 1124 1590 1153; baseline -0.013 -6"><span class='ocrx_word' id='word_1_300' title='bbox 1511 1124 1590 1153; x_wconf 74' lang='lat' dir='ltr'><strong>great</strong></span> 
     </span>
     <span class='ocr_line' id='line_1_63' title="bbox 1511 1155 1653 1180; baseline -0.007 0"><span class='ocrx_word' id='word_1_301' title='bbox 1511 1155 1653 1180; x_wconf 80' lang='lat' dir='ltr'><strong>charters.</strong></span> 
     </span>
    </p>
   </div>
  </div>
 </body>
</html>
