1866 3186
251 376 350 407 Henry
363 374 418 400 111.

248 410 281 434 Α.
297 409 330 434 D.
347 407 420 433 1270.

234 463 358 494 Sunday,

234 496 294 520 Octv
302 521 304 524 ,
313 496 355 520 26.

238 1029 304 1060 they
316 1028 374 1053 lose

239 1068 325 1092 many
337 1061 414 1092 ships

239 1094 269 1119 in
283 1101 299 1118 a
311 1096 408 1123 stoi-m,

237 1127 308 1151 with
327 1127 375 1151 the
387 1126 436 1151 tri-

239 1160 306 1184 bute
319 1160 391 1184 from

241 1193 290 1217 the
300 1192 378 1224 King
389 1192 420 1217 os

239 1225 337 1251 Tunis.

445 247 531 290 332
944 258 1219 288 cnnomcon

449 364 539 404 sito
583 362 783 404 civitatis
822 361 879 402 de
910 359 1122 414 Trapes,¹
1161 360 1451 414 secundoque
1489 360 1562 401 die
1601 364 1707 401 ante

450 428 614 469 festum
659 426 970 481 apostolorum
1013 426 1209 467 Simonis
1251 431 1297 467 et
1332 426 1362 468 J
1367 426 1469 467 udae
1507 430 1553 467 et
1596 425 1708 466 hora

450 494 583 547 quasi
603 506 737 542 nona,
768 497 815 534 et
842 492 1206 534 anchoraverunt
1236 490 1282 531 in
1315 491 1411 532 alto
1441 492 1555 532 mari
1584 491 1710 544 plus-

451 572 587 612 quam
619 571 711 599 uno
738 558 949 598 milliario
981 570 1009 598 a
1034 562 1173 606 terra,
1194 561 1326 598 erant
1348 557 1466 597 enim
1494 557 1708 597 maximae

451 636 593 665 naves
614 624 808 676 singulae
828 623 1047 664 habentes
1068 622 1159 663 duo
1176 622 1279 663 vela
1300 627 1346 663 et
1366 634 1507 674 supra
1524 622 1708 662 modum

452 694 647 739 onustae,
674 693 985 742 veneruntque
1005 688 1188 730 obviam
1211 688 1274 728 eis
1305 700 1363 728 ex
1387 692 1524 741 portu
1545 687 1707 729 civita-

453 755 512 796 tis
565 755 747 809 scaphae
800 755 970 803 multae,
1019 758 1063 794 et
1106 766 1238 805 reges
1283 758 1328 794 et
1374 753 1603 806 principes
1653 766 1707 794 ac

452 820 650 874 majores
666 820 897 861 exercitus
913 832 1058 872 usque
1082 819 1138 859 ad
1155 824 1322 860 terram
1343 817 1708 871 ‘perduxerunt’⁹

451 886 559 926 bina
586 886 686 927 vice
717 885 791 926 vel
821 886 956 934 trina,
990 885 1069 926 sed
1108 897 1249 938 equos
1283 884 1416 925 valde
1456 897 1628 937 paucos
1664 890 1711 925 et

453 963 580 991 arma
615 951 747 1003 quasi
785 950 936 991 nulla:
980 949 1387 1002 advesperascente
1425 949 1606 990 demum
1636 950 1710 991 die

453 1016 597 1056 movit
617 1028 666 1056 se
686 1028 826 1064 mare,
840 1019 886 1056 et
906 1015 1058 1055 subito
1077 1019 1177 1055 orta
1197 1019 1267 1055 est
1283 1019 1531 1067 tempestas
1552 1015 1709 1056 saevis-

455 1081 586 1131 sima,
618 1081 685 1122 ita
712 1080 832 1134 quod
866 1080 1037 1121 collisae
1067 1093 1208 1121 naves
1238 1085 1283 1121 et
1315 1081 1559 1121 confractae
1589 1081 1710 1134 peri-

455 1151 603 1196 erunt,
627 1151 673 1187 et
704 1144 1017 1187 ‘submersae'³
1048 1150 1155 1186 sunt
1183 1145 1425 1198 plusquam
1457 1157 1576 1186 cxx.
1608 1159 1710 1187 cum

456 1212 585 1265 equis
625 1217 672 1253 et
715 1211 855 1252 armis
897 1215 943 1251 et
985 1211 1222 1252 animabus
1257 1211 1437 1259 multis3
1486 1212 1710 1265 periitque

457 1277 700 1318 thesaurus
730 1277 807 1317 ille
834 1277 1084 1318 sceleratus
1119 1281 1164 1317 et
1197 1276 1242 1316 in
1277 1276 1551 1329 profundum
1572 1278 1710 1317 maris

456 1343 688 1384 demersus
709 1347 792 1391 est,
814 1343 1022 1383 omnibus
1045 1346 1198 1382 autem
1230 1342 1424 1382 navibus
1454 1342 1596 1394 ipsius
1618 1343 1711 1382 Ed-

458 1408 601 1449 wardi
622 1420 724 1460 quae
745 1412 876 1448 erant
904 1419 1015 1447 xm.
1044 1419 1132 1447 non
1166 1407 1321 1448 nocuit
1354 1407 1434 1447 illa
1463 1413 1712 1460 tempestas

458 1486 540 1513 nec
554 1473 688 1526 periit
703 1486 761 1513 ex
783 1473 847 1513 eis
862 1485 979 1512 unus
1001 1472 1151 1521 homo,
1174 1471 1464 1524 salvavitque
1486 1472 1710 1513 Dominus

458 1538 612 1578 omnia
633 1550 733 1587 sua,
747 1551 800 1578 eo
822 1538 944 1590 quod
969 1537 1158 1578 consilio
1179 1537 1401 1577 scelerato
1414 1549 1505 1577 non
1521 1550 1709 1578 consen-

458 1608 596 1644 serat.
658 1602 798 1643 Mane
812 1606 962 1642 autem
981 1602 1103 1642 sacto
1119 1602 1226 1642 dum
1242 1602 1565 1653 egrederentur
1580 1616 1712 1656 reges

458 1668 516 1708 ad
541 1681 665 1708 mare
687 1668 900 1708 viderunt
929 1668 975 1707 in
996 1667 1127 1708 litore
1148 1667 1352 1708 homines
1385 1668 1643 1709 submersos
1665 1675 1711 1710 et

458 1746 600 1786 equos
625 1734 796 1785 absque
823 1745 1027 1782 numero,
1049 1733 1259 1774 viderunt
1288 1733 1469 1785 quidem
1491 1738 1536 1774 et
1556 1734 1711 1775 dolue-

459 1803 579 1847 runt,
600 1811 684 1839 nec
704 1799 882 1847 mirum,
903 1811 1004 1838 cum
1030 1811 1088 1838 ex
1110 1799 1252 1838 tantis
1285 1799 1478 1839 navibus
1511 1804 1556 1840 et
1591 1800 1714 1841 mille

459 1864 719 1917 quingentis
747 1864 915 1913 nautis,
949 1864 1120 1916 absque
1150 1865 1379 1904 communi
1408 1864 1595 1917 populo,
1623 1878 1712 1906 non

458 1933 773 1970 remanserant
788 1929 930 1981 aliqui
945 1928 1032 1969 nisi
1048 1933 1199 1969 nautae
1216 1933 1393 1969 tantum
1407 1930 1541 1970 unius
1557 1931 1712 1981 navis3

459 1999 506 2034 et
538 1994 584 2034 hi
617 1994 798 2047 quidem
828 1993 913 2034 hoc
949 1993 1083 2034 modo
1102 1998 1272 2034 z—erat
1299 1994 1343 2033 in
1375 1993 1455 2034 illa
1486 1995 1592 2035 navi
1620 2008 1712 2036 una

459 2059 580 2099 bona
602 2064 814 2100 matrona
834 2063 879 2099 et
902 2059 1129 2099 comitissa
1156 2071 1258 2111 quae
1286 2059 1534 2111 periculum
1556 2060 1714 2101 videns

460 2128 506 2164 et
537 2123 663 2177 juste
704 2124 790 2164 sibi
830 2124 1008 2173 timens,
1050 2124 1265 2176 quaesivit
1299 2136 1328 2164 a
1366 2124 1518 2165 nautis
1559 2130 1711 2166 utrum

460 2189 630 2230 salvari
648 2194 836 2241 possent
866 2189 905 2229 si
933 2189 1042 2229 litus
1069 2190 1207 2229 maris
1237 2189 1436 2241 arripere
1470 2194 1713 2243 attempta-

460 2258 588 2301 rent;
623 2259 671 2295 at
690 2254 755 2294 illi
768 2254 1113 2307 responderunt,
1129 2254 1247 2307 quod
1271 2254 1310 2294 si
1330 2255 1457 2295 fieret
1478 2255 1543 2296 sic
1564 2256 1716 2296 salva-

462 2323 618 2359 rentur
650 2319 853 2360 homines
890 2319 968 2359 sed
1000 2319 1167 2372 periret
1202 2320 1303 2372 ipsa
1343 2320 1503 2367 navis;
1538 2325 1586 2361 at
1616 2321 1712 2370 illa,

461 2388 491 2406 “
510 2384 619 2425 Non
635 2385 695 2425 sit
710 2385 840 2425 vobis
856 2397 966 2425 cura
981 2384 1037 2425 de
1051 2385 1171 2433 navi,
1189 2385 1404 2437 quoniam
1420 2385 1458 2425 si
1479 2386 1715 2427 salventur

461 2450 626 2490 animae
647 2450 890 2502 duplicabo
913 2450 1042 2490 vobis
1062 2450 1255 2502 pretium
1282 2449 1457 2490 navis.’'
1527 2450 1713 2491 Statim-

509 2590 517 2608 ¹
542 2592 701 2631 Trapani‚
725 2602 745 2623 a
769 2595 902 2631 seaport
924 2594 1013 2623 town
1038 2592 1075 2623 of
1105 2592 1212 2623 haven
1236 2595 1269 2622 to
1296 2591 1351 2623 the
1377 2591 1481 2631 shape
1505 2592 1543 2623 of
1561 2602 1581 2623 a
1597 2594 1714 2625 sickle.

458 2638 563 2677 Sicily
586 2638 620 2668 in
646 2638 702 2668 the
726 2638 834 2677 valley
861 2638 898 2668 of
920 2638 1071 2677 Mazara,
1151 2636 1164 2654 ²
1185 2638 1458 2677 ‘produxerunt,’
1474 2638 1548 2670 MS.
1567 2639 1688 2671 Lansd.

458 2683 624 2722 auciently
641 2683 748 2714 called
765 2684 973 2723 Drepanum,
988 2684 1070 2714 from
1152 2684 1164 2703 ³
1188 2684 1197 2700 ‘
1213 2680 1398 2723 submersi‚’
1410 2684 1508 2715 MSS.
1522 2684 1607 2715 coll.
1621 2684 1714 2717 Arm.

459 2728 512 2758 the
539 2729 670 2760 fancied
701 2730 925 2760 resemblance
957 2729 994 2760 of
1028 2730 1072 2759 its
1105 2729 1170 2759 and
1187 2728 1276 2760 Cott.
1291 2729 1367 2761 Tib.
