1866 3186
347 273 433 316 188
837 285 899 315 cn
908 284 1118 315 RomcoN

154 402 275 427 menard
289 402 311 426 ι.
348 401 506 443 porum
544 389 777 443 proferens
814 387 1018 429 seriatim
1052 387 1252 428 ostendit
1288 399 1419 440 reges
1464 385 1609 427 Fran-

132 436 318 475 sinum.
348 467 503 495 corum
549 460 595 496 et
644 454 881 495 Danorum
923 452 1050 494 nulla
1091 453 1491 506 consanguinitate
1535 452 1607 493 vel

349 519 570 561 affinitate
593 521 890 572 contingere3
923 519 979 559 de
1003 517 1377 559 ‘contaminato'¹
1410 518 1608 559 divortio

348 586 394 626 in
435 585 641 627 fraudem
685 589 948 626 sanctorum
987 596 1214 625 canonum
1246 583 1471 637 judicium
1510 582 1607 624 fieri

347 651 572 704 pertinaci
601 651 823 692 instantia
851 649 1118 704 postulavit.
1189 649 1277 690 Sed
1306 648 1391 689 hoc
1421 648 1608 697 frustra,

347 730 449 758 cum
487 717 608 770 regis
654 716 934 757 Francorum
971 715 1044 756 vel
1083 719 1230 756 metus
1266 714 1340 756 vel
1374 714 1526 767 gratia
1563 713 1609 754 in

349 782 433 824 hac
456 789 588 836 parte
612 781 920 836 praevaleret.⁹

404 928 469 969 De
489 928 804 983 Repatrz'atione
827 927 1173 978 Christianorum,
1196 933 1233 969 et
1251 927 1444 983 quomodo
1463 928 1553 970 Rem

647 993 861 1035 Ricardus
881 992 1073 1035 liberavit
1091 993 1131 1034 J
1127 1007 1308 1048 oppeum.

131 1121 246 1146 Dis-cord
258 1122 312 1146 aua
416 1108 599 1150 Interea
622 1108 853 1149 exercitus
875 1106 1167 1148 Christianus
1191 1107 1288 1160 regi
1310 1120 1468 1160 regum
1491 1108 1610 1148 mili-

130 1155 272 1212 {31¹5ssssssssss
282 1155 330 1179 me
347 1179 450 1215 tans
464 1175 510 1215 in
523 1174 727 1223 Oriente,
741 1178 928 1227 propter
941 1172 1263 1222 dissensiones,
1276 1173 1610 1223 aemulationes,

131 1227 218 1252 amy'
346 1246 392 1281 et
414 1240 581 1281 multas
604 1238 911 1288 difficultates,
932 1239 1280 1291 ingravescente
1299 1238 1419 1280 fame
1439 1238 1609 1289 valida,

346 1307 597 1359 repatriare
612 1305 872 1358 (disposuit,
913 1304 1170 1345 dicentibus
1208 1304 1384 1345 aemulis
1415 1304 1471 1345 de
1500 1317 1609 1357 rege

348 1372 549 1412 Ricardo
595 1371 718 1424 quod
751 1383 904 1422 regem
945 1369 1224 1410 Francorum
1259 1369 1607 1423 insidiis'appe-

348 1437 495 1486 tisset,
517 1437 638 1490 quod
662 1436 923 1477 Conradum
961 1435 1270 1477 marchionem
1302 1448 1384 1488 per
1415 1435 1607 1478 sicarios

347 1502 519 1544 nefarie
565 1502 847 1555 peremisset,
879 1501 1001 1554 quod
1043 1513 1146 1541 cum
1174 1500 1391 1542 Saladino
1422 1500 1478 1541 de
1501 1514 1608 1554 pro-

350 1567 523 1609 ditione
582 1567 739 1608 Terrae
789 1567 971 1608 Sanctae
1020 1566 1293 1619 nequissime
1337 1566 1609 1608 collusisset.

351 1633 438 1674 Ille
472 1638 625 1674 tamen
647 1632 812 1685 coeptis
840 1632 1056 1672 insistens
1087 1644 1183 1685 prae
1214 1631 1354 1672 animi
1385 1632 1610 1685 magnitu-

132 1705 309 1763 ffiffiasrgxge-
349 1698 454 1739 dine
489 1699 613 1740 omni
645 1697 888 1739 maledicta
919 1697 1255 1747 contemnebat,
1289 1702 1334 1738 et
1367 1698 1488 1738 circa
1520 1697 1610 1739 As-

131 1771 258 1829 Xssssffiossf.
349 1764 589 1805 chalonam
638 1763 1001 1804 reaedificandam
1038 1762 1237 1815 profusis
1272 1763 1436 1816 opibus
1476 1763 1611 1805 insis-

350 1831 490 1871 tebat.
560 1829 736 1871 Videns
758 1828 943 1870 tandem
979 1828 1099 1881 quod
1130 1832 1143 1850 ‘
1162 1833 1321 1870 contra
1343 1829 1609 1883 conspiran-

352 1900 441 1936 tem
463 1895 715 1936 exercitum
731 1893 768 1916 '³
790 1894 901 1934 nihil
926 1893 1182 1946 proficeret,
1203 1893 1474 1935 deliberavit
1505 1907 1609 1935 cum

348 1961 539 2001 ducibus
560 1965 606 2000 et
622 1959 849 2000 nobilibus
870 1959 1094 1999 universis
1115 1964 1167 2000 ut
1188 1959 1415 2011 aliquibus
1436 1959 1492 2000 de
1512 1961 1609 2000 suis

351 2025 636 2066 Christianos
679 2024 792 2065 fines
840 2023 1090 2073 crederent,
1123 2029 1299 2064 mature
1337 2024 1394 2065 ad
1425 2026 1611 2078 propria

350 2091 602 2131 reversuri:
637 2094 683 2130 et
698 2089 911 2131 concordi
931 2089 1113 2130 decreto
1133 2089 1467 2131 constituerunt
1486 2091 1610 2143 prin-

133 2174 320 2205 Henry‚Earl
349 2156 493 2209 cipem
531 2155 805 2196 Christianae
840 2155 1160 2208 adquisitionis
1184 2154 1436 2197 Henricum
1471 2157 1609 2197 comi-

131 2208 325 2271 ῧέςῖἓῗᾞὲει.
350 2226 441 2262 tem
479 2221 760 2275 Campaniae,
783 2221 1021 2274 utriusque
1053 2221 1174 2273 regis
1209 2221 1491 2262 Francorum
1522 2223 1609 2263 sci-

131 2273 300 2331 iflrffssss'ssssf
349 2287 454 2328 licet
488 2293 533 2328 et
566 2286 822 2339 Anglorum
860 2299 1146 2327 communem
1187 2285 1434 2339 nepotem.4
1503 2286 1608 2338 Quo

398 2399 408 2420 ¹
421 2402 430 2419 ‘
441 2400 656 2440 continuato,'
675 2401 751 2433 MS.
770 2400 893 2432 Lansd.
1042 2399 1054 2417 ⁴
1067 2400 1260 2440 According
1275 2403 1308 2432 to
1324 2400 1519 2441 Brompton,
1533 2402 1611 2434 who

394 2445 407 2463 ²
425 2448 484 2478 We
501 2457 557 2478 are
574 2447 735 2478 informed
758 2447 802 2485 by
820 2446 851 2477 N
857 2446 960 2476 icolas
994 2446 1107 2485 places
1144 2446 1211 2478 this
1256 2447 1387 2477 council
1425 2448 1608 2479 somewhat

347 2494 460 2524 Trivet
477 2491 527 2535 (p.
542 2491 621 2534 156)
637 2493 709 2523 that
723 2493 790 2524 this
806 2495 960 2523 sentence
994 2492 1114 2522 earlier
1139 2492 1218 2523 than
1243 2491 1512 2533 Hemingburgh‚
1541 2494 1608 2525 this

347 2540 385 2570 of
395 2540 529 2570 divorce
544 2548 616 2570 was
633 2538 791 2570 aunulled
806 2539 850 2577 by
867 2538 960 2577 Pope
994 2537 1125 2577 dignity
1155 2538 1222 2569 had
1253 2538 1337 2569 been
1366 2539 1536 2570 conferi-ed
1565 2550 1607 2571 on

349 2586 516 2616 Gelestiue
532 2586 567 2615 iu
585 2587 679 2616 1195.
996 2583 1127 2615 Conrad
1139 2584 1177 2614 of
1184 2584 1398 2623 Montferrat3
1414 2585 1485 2625 but,
1496 2587 1608 2625 owing

397 2629 408 2648 ³
422 2633 430 2648 ‘
446 2635 559 2661 eontra
583 2630 812 2661 Christianum
836 2630 959 2660 exerci-
996 2632 1028 2659 to
1044 2629 1097 2659 his
1120 2630 1240 2660 almost
1262 2630 1452 2662 immediate
1467 2632 1608 2662 assassi-

348 2673 440 2714 tum‚'
467 2677 541 2708 MS.
572 2676 658 2708 Con.
686 2677 778 2706 Arm.
793 2687 801 2713 ;
828 2678 836 2692 ‘
849 2680 961 2706 contra
996 2675 1120 2714 nation,
1137 2685 1155 2705 a
1168 2685 1241 2706 new
1254 2675 1394 2706 electiori
1407 2685 1478 2707 was
1493 2686 1607 2707 neces-

350 2723 487 2753 aemnlos
498 2732 573 2752 cum
586 2723 736 2753 exercitu
745 2721 961 2761 Christiano,’
996 2730 1085 2759 sary,
1118 2721 1215 2751 when
1245 2721 1300 2751 the
1331 2721 1446 2752 choice
1475 2721 1532 2752 fell
1562 2731 1604 2752 on

350 2766 422 2798 Ms.
444 2768 564 2798 Lansd.
997 2766 1113 2804 Henry
1133 2766 1211 2797 Earl
1227 2766 1264 2797 of
1276 2766 1505 2806 champagne.
