1866 3186
455 290 681 321 WALTERI
715 290 776 321 DE
808 291 1184 323 HBMINGBURGH.
1363 279 1451 322 339

185 393 251 434 sic
274 393 471 447 pendere
503 408 593 436 non
618 400 817 448 poterat,
847 395 1164 449 attonitusque
1195 394 1449 437 Edwardus
1482 403 1654 463 {⁶3:512}

184 459 330 502 exivit
349 461 567 503 continuo
586 466 638 503 ut
659 467 844 503 ventum
867 463 1090 516 reciperet
1112 461 1171 503 ad
1195 461 1448 504 refocillan-
1465 493 1614 518 nonme

184 525 290 567 dam
321 528 519 568 animam
553 528 669 583 ejus,
699 529 949 582 vidensque
979 529 1268 583 iniquitatem
1291 540 1445 570 eorum
1464 526 1597 586 Emi...

184 593 413 645 quomodo
449 593 621 636 multos
650 607 710 636 ex
741 595 838 636 suis
867 594 967 650 jam
998 598 1011 616 ‘
1027 593 1369 648 peremerant‚’¹
1401 599 1449 636 et

183 670 273 699 non
288 660 591 702 torneamenti
605 660 685 702 sed
700 661 884 702 modum
900 661 1007 703 belli
1021 663 1033 683 ‘
1044 660 1342 710 exercerent,'
1352 659 1369 682 ²
1380 661 1448 702 ait

184 724 296 775 suis,
317 728 347 748 “
360 725 391 767 J
396 739 470 767 am
494 727 662 768 nemini
683 732 844 781 parcat
859 727 1021 768 oculus
1042 732 1212 777 vester,
1225 726 1305 767 sed
1326 726 1449 768 sicut

183 790 272 843 ipsi
286 794 300 813 ‘
316 792 446 834 nobis
464 786 501 809 ‘³
513 791 690 834 faciunt
704 793 770 834 sic
782 799 829 834 et
849 796 861 814 ‘
876 805 960 834 vos
978 791 1205 834 faciatis'⁴
1223 791 1447 843 eisdem;’'

183 856 378 909 ingressi
399 863 508 899 sunt
537 871 648 911 ergo
672 859 718 899 in
741 863 934 900 mortem
962 859 1155 900 aliorum
1178 863 1224 899 et
1244 870 1304 898 ex
1325 859 1448 899 omni

182 927 313 976 parte
336 923 492 977 gladio
513 920 780 967 saeviebant.
849 924 1138 978 'Reversique
1161 923 1396 978 pedestres
1421 937 1449 965 a

182 989 307 1031 coede
338 994 623 1041 caeterorum,
645 1003 751 1033 cum
775 990 998 1033 vidissent
1018 1003 1076 1032 ex
1100 991 1196 1032 suis
1210 990 1309 1045 jam
1330 990 1448 1031 mul·

182 1059 256 1097 tos
287 1057 530 1106 corruisse,
558 1057 753 1110 ingressi
776 1062 883 1099 sunt
928 1056 1147 1098 audacter
1186 1055 1448 1098 conflictum

181 1122 494 1175 equestrinum
530 1128 577 1165 et
611 1123 878 1165 evisceratis
909 1122 1182 1176 quibusdam
1219 1134 1277 1164 ex
1301 1122 1448 1176 equis,

182 1188 429 1230 multorum
447 1188 583 1230 etiam
605 1188 802 1243 cingulis
825 1189 996 1239 incisis,
1012 1201 1277 1231 ascensores
1289 1200 1445 1230 eorum

181 1254 228 1294 in
250 1260 421 1296 terram
452 1253 811 1298 ‘corruemnt.’⁵
879 1259 892 1278 ‘
910 1255 1142 1309 Deditque
1175 1267 1225 1296 se
1256 1254 1446 1296 Edwar-

181 1320 268 1362 dus
307 1321 530 1375 praedicto
563 1322 719 1364 comiti
756 1322 835 1376 qui
868 1326 978 1363 tunc
1015 1321 1225 1363 manibus
1257 1333 1446 1362 suorum

181 1385 390 1428 elevatus
419 1392 520 1430 erat
550 1387 597 1429 in
634 1400 822 1442 equum,
842 1392 889 1429 et
919 1387 996 1428 diu
1033 1399 1217 1442 quoque
1250 1386 1446 1440 fustiga-

181 1457 280 1493 tum
302 1466 406 1494 cum
445 1454 615 1508 saepius
645 1466 694 1495 se
724 1454 834 1495 dare
854 1453 995 1495 vellet
1022 1467 1114 1496 non
1143 1452 1381 1507 adquievit
1399 1453 1447 1494 in

182 1519 340 1572 primis
360 1536 372 1567 3
405 1520 484 1561 sed
501 1533 603 1562 cum
623 1520 864 1562 defecisset
883 1519 1068 1562 tandem
1088 1519 1233 1561 virtus
1256 1518 1374 1574 ejus,
1388 1532 1444 1561 ex

182 1590 414 1638 praecepto
439 1585 656 1627 Edwardi
679 1586 860 1628 cuidam
884 1586 1018 1628 militi
1041 1585 1237 1639 simplici
1272 1597 1323 1627 se
1354 1590 1449 1627 tra-

181 1650 312 1701 didit,
335 1657 381 1693 et
410 1651 625 1705 fugerunt
657 1652 814 1694 caeteri
845 1651 994 1701 multi,
1018 1656 1065 1693 et
1085 1652 1132 1692 in
1155 1650 1316 1692 eodem
1346 1650 1449 1692 loco

182 1717 367 1771 plurimi
417 1712 748 1760 corruerunt.’⁶
830 1717 1116 1771 Reversique
1164 1716 1310 1758 nostri
1367 1717 1448 1758 ob-

182 1789 313 1826 tenta
346 1784 553 1834 victoria,
577 1797 679 1826 cum
714 1797 764 1825 se
802 1784 1037 1838 quiescere
1076 1795 1212 1837 posse
1241 1782 1449 1824 securius

181 1850 435 1901 crederent,
458 1851 723 1892 nunciatum
755 1854 825 1892 est
845 1849 1075 1891 Edwardo
1101 1848 1223 1903 quod
1256 1849 1451 1902 perime-

182 1916 350 1958 bantur
372 1916 443 1958 sui
474 1916 583 1958 dum
605 1915 853 1958 transirent
876 1915 932 1958 de
962 1915 1099 1957 domo
1129 1915 1175 1956 in
1204 1914 1391 1956 domum
1422 1927 1450 1956 a

181 1981 358 2024 civibus
407 1983 637 2030 civitatis;
685 1983 934 2036 statimque
972 1986 1139 2024 vocato
1182 1980 1358 2035 majore
1402 1987 1449 2023 et

183 2049 443 2102 praepositis
474 2049 677 2091 civitatis
720 2048 940 2102 praecepit
973 2047 1039 2089 eis
1079 2053 1131 2089 ut
1165 2060 1275 2088 suos
1306 2047 1446 2088 corri-

182 2119 343 2167 perent
371 2119 419 2156 et
439 2115 737 2168 castigarent,
759 2114 963 2168 alioquin
999 2113 1232 2155 civitatem
1253 2113 1300 2154 in
1323 2125 1446 2154 cras-

183 2180 329 2221 tinum
382 2181 643 2223 incenderet
688 2185 735 2222 et
779 2179 1121 2234 complanaret:
1174 2179 1242 2220 illi
1292 2183 1447 2220 autem

182 2247 401 2288 abeuntes
423 2251 678 2301 posuerunt
704 2246 937 2287 custodias
955 2258 1015 2287 ex
1037 2245 1160 2286 omni
1185 2250 1315 2298 parte
1335 2244 1447 2285 civi-

182 2313 307 2362 tatis,
343 2318 390 2354 et
427 2314 604 2367 quievit
639 2312 894 2354 Edwardus
929 2311 975 2352 in
1011 2323 1139 2364 pace.
1211 2309 1268 2351 In
1304 2309 1447 2351 hasti-

181 2378 306 2419 ludio
340 2379 430 2420 isto
466 2379 638 2419 multus
681 2378 869 2431 sanguis
909 2376 1080 2418 effusus
1123 2380 1210 2425 est,
1252 2375 1372 2416 unde
1403 2381 1449 2417 et

182 2457 346 2485 nomen
382 2444 507 2485 illius
542 2448 770 2485 mutatum
807 2448 877 2484 est
911 2443 977 2484 ita
1008 2441 1131 2496 quod
1172 2454 1261 2482 non
1286 2440 1446 2496 ‘Jam’7

229 2608 239 2629 ¹
265 2610 275 2628 ‘
291 2609 526 2649 peremerunt‚’
568 2609 670 2641 MSS.
711 2609 799 2641 Con.
880 2607 893 2625 ⁵
915 2608 1090 2641 ‘corruere
1106 2607 1362 2651 compulerunt,’
1373 2610 1449 2642 MS.

182 2658 276 2688 Arm.
292 2655 359 2687 and
375 2655 464 2687 Cott.
479 2655 555 2687 Tib.
835 2654 960 2688 Lansd.
1446 2679 1448 2683 .

228 2700 242 2719 ²
264 2702 274 2719 ‘
293 2701 514 2742 exercet-unt,’
531 2701 607 2733 MS.
624 2701 749 2734 Lansd.
879 2698 893 2719 ⁶
915 2701 925 2718 ‘
939 2702 1112 2742 Deditque
1130 2726 1137 2734 .
1152 2725 1160 2734 .
1178 2726 1186 2734 .
1206 2724 1214 2731 .
1231 2702 1451 2742 corruerunt,'

231 2747 244 2766 ³
266 2748 277 2765 ‘
287 2746 405 2787 vobis,’
422 2747 497 2780 MS.
514 2747 639 2779 Lausd.
833 2748 973 2779 omitted
987 2748 1022 2779 in
1039 2748 1116 2780 MS.
1131 2748 1221 2781 Coit.
1235 2749 1312 2780 Tib.

230 2791 241 2809 ⁴
266 2796 275 2812 ‘
287 2794 475 2833 faciumus,'
491 2793 565 2825 MS.
583 2793 672 2826 Cott.
687 2793 762 2824 Tib.
879 2791 893 2811 ⁷
916 2794 1083 2835 Supplied
1097 2794 1180 2826 from
1198 2795 1273 2827 MS.
1289 2795 1415 2826 Lansd.

1152 2858 1212 2887 22
