1866 3186
459 269 686 300 WAn'rEm
718 270 780 299 DE
810 269 1184 300 mimine-nuncu.
1359 257 1448 299 329

186 377 232 414 et
261 376 365 413 octo
406 371 679 424 magnates,¹
717 373 796 426 qui
836 372 963 426 prius
1005 372 1187 414 fuerant
1228 371 1448 413 nominati

186 438 309 491 apud
331 437 642 488 Coventriam,
663 443 715 479 ut
746 438 835 491 ipsi
859 438 977 480 inter
999 451 1154 491 regem
1174 442 1221 479 et
1243 437 1447 478 exhaere-

185 503 318 545 datos
342 503 533 545 formam
555 504 683 557 pacis
721 510 768 545 et
803 504 1129 558 redemptionis
1163 504 1210 544 in
1237 504 1447 544 omnibus

185 569 476 611 ordinarent:
510 574 557 611 et
580 570 704 611 facta
733 570 1103 623 pronuntiatione
1126 570 1174 610 in
1195 569 1313 610 festo
1337 568 1446 610 Om-

184 635 308 675 nium
335 635 608 677 Sanctorum
643 635 698 676 de
728 635 865 689 plena
897 635 1141 677 concordia
1172 639 1219 676 et
1243 634 1449 688 redemp-

185 701 308 743 tione
337 702 638 755 singulorum,
659 705 836 743 statuta
858 706 928 743 est
959 715 1052 755 pax
1083 701 1228 755 ipsius
1250 701 1372 753 regis
1403 704 1449 741 et

185 768 494 820 praeconizata
535 780 618 820 per
663 771 806 808 totam
858 767 1104 819 regionem.
1188 766 1449 818 Tenuitque

185 845 269 873 rex
289 833 637 885 parliamentum
675 844 808 872 suum
840 832 888 872 in
922 832 1100 873 octavis
1134 831 1280 872 sancti
1320 831 1448 872 Mar-

186 898 269 939 tini
299 898 418 951 apud
455 898 734 951 Marleberg,
756 910 876 939 anno
897 897 1027 950 regni
1061 897 1133 938 sui
1155 908 1238 938 Lu.
1261 901 1307 938 et
1329 909 1449 938 anno

188 964 375 1004 Domini
406 963 698 1017 supradicto3
732 964 810 1005 ubi
845 963 901 1004 de
938 962 1130 1004 consilio
1151 963 1449 1003 discretorum

187 1034 233 1071 et
265 1029 467 1070 unanimi
503 1029 742 1070 voluntate
765 1034 1032 1081 magnatum
1069 1041 1256 1069 suorum
1280 1027 1338 1068 ad
1359 1040 1449 1068 me-

186 1094 474 1136 liorationem
505 1095 634 1147 regni
662 1095 734 1135 sui
766 1099 811 1136 et
842 1094 1167 1135 exhibitionem
1198 1093 1450 1134 communis

181 1160 376 1215 justitiae
396 1161 543 1202 multa
563 1160 671 1202 fecit
691 1164 882 1211 statuta,
904 1173 1006 1213 quae
1028 1160 1244 1201 dicuntur
1264 1159 1452 1200 Statuta

188 1226 244 1267 de
266 1224 588 1279 Marleberge.2

227 1370 467 1413 Edwardus
477 1371 689 1425 profectus
707 1378 763 1412 est
785 1372 832 1413 in
857 1372 1031 1413 Terram
1051 1373 1249 1413 Sanctam
1269 1388 1282 1418 ;
1316 1385 1408 1413 cum

686 1437 787 1478 aliis
805 1436 951 1479 Rebus.

256 1552 349 1592 Sub
378 1551 616 1592 memorati
645 1551 765 1604 regis
795 1552 940 1593 nostri
969 1551 1161 1593 Henrici
1191 1552 1451 1606 principatu

189 1617 432 1658 suscitavit
453 1616 680 1657 Dominus
705 1617 892 1669 spiritus
912 1617 1277 1658 Christianorum
1294 1623 1453 1659 contra

189 1683 459 1732 Saracenos,
480 1682 619 1734 longo
644 1681 742 1735 jam
773 1686 978 1735 tempore
1008 1682 1293 1735 possidentes
1321 1695 1453 1724 sanc-

188 1749 386 1790 tuariam
426 1747 627 1796 Domini,
668 1747 714 1788 id
758 1751 828 1788 est
869 1747 971 1788 loca
1013 1752 1174 1789 sancta
1206 1748 1253 1788 in
1287 1749 1453 1801 quibus

189 1814 440 1866 redemptio
463 1818 621 1854 nostra
643 1811 766 1853 facta
785 1816 871 1853 est.
944 1812 1116 1853 Factus
1140 1817 1211 1854 est
1231 1826 1358 1866 ergo,
1372 1826 1455 1866 per

190 1879 472 1932 diligentiam
504 1878 706 1919 Romani
739 1878 964 1931 pontificis
996 1877 1245 1919 Clementis
1272 1883 1318 1920 et
1341 1879 1454 1920 alio-

190 1958 290 1985 rum
325 1956 560 1984 servorum
595 1943 686 1984 Dei
723 1943 984 1996 religiosam
1020 1956 1223 1997 operam,
1258 1957 1455 1997 magnus

192 2010 350 2064 populi
365 2008 616 2051 Christiani
629 2021 893 2058 concursus,
906 2013 952 2050 et
971 2009 1204 2050 fortissimi
1223 2009 1454 2063 principes

193 2079 424 2116 caractere
471 2074 657 2115 Domini
696 2074 903 2125 insigniti
944 2078 1078 2125 sunt3
1124 2079 1170 2116 et
1210 2087 1455 2116 numerosa

194 2139 354 2192 stipati
366 2138 544 2187 militia,
565 2138 767 2179 Orientis
784 2151 926 2190 regna
941 2139 1296 2181 laboriosissime
1316 2154 1454 2193 pene-

193 2208 397 2246 trarunt:
420 2204 538 2244 inter
553 2216 668 2256 quos
687 2203 875 2244 eandem
892 2204 1229 2257 expeditionem
1251 2218 1456 2259 assump-

236 2318 245 2337 ¹
261 2321 345 2351 Two
360 2320 474 2359 copies
489 2319 527 2350 of
536 2319 592 2350 the
610 2319 746 2350 Dictum
763 2319 805 2349 de
841 2319 980 2350 Hemici
1000 2320 1060 2350 filii
1081 2320 1169 2359 regis
1191 2319 1355 2351 Johannis
1372 2319 1456 2351 ιιι.”

193 2365 402 2398 Kenilworth
424 2374 501 2405 may
518 2365 559 2396 be
586 2374 665 2396 seen
690 2365 725 2395 in
749 2364 805 2395 the
839 2363 892 2406 (or
915 2365 993 2396 Oct.
1019 2368 1073 2405 31,
1100 2362 1212 2405 1267).
1247 2365 1318 2396 The
1333 2366 1456 2396 second

192 2412 370 2444 Cottonian
391 2411 588 2451 Collection‚
611 2410 736 2442 Claud.
758 2410 804 2442 D.
838 2420 924 2450 copy
933 2410 1031 2442 reads
1046 2411 1137 2450 thus,
1151 2411 1174 2428 “
1191 2411 1318 2442 Datum
1334 2411 1367 2441 in
1383 2420 1457 2442 cas-

194 2467 232 2490 11.
247 2458 270 2490 f.
285 2458 409 2496 119‚b.‚
422 2457 487 2488 and
499 2457 618 2496 250‚b.
654 2456 724 2487 The
735 2457 806 2487 first
838 2459 888 2487 tro
903 2457 994 2495 apud
1012 2456 1221 2488 Kenilworth
1240 2465 1300 2489 xn.
1324 2457 1379 2488 die
1394 2457 1456 2488 ka-

193 2514 291 2543 copy,
320 2502 431 2533 which
462 2511 606 2542 appears
635 2502 691 2533 the
721 2502 807 2533 most
838 2502 1013 2533 lendarum
1031 2503 1244 2543 Novembris,
1259 2512 1345 2534 anno
1362 2503 1457 2542 regni

192 2550 337 2588 ancient,
352 2549 381 2579 is
396 2548 475 2579 thus
490 2548 591 2579 dated
607 2551 642 2579 at
656 2548 711 2578 the
727 2548 807 2587 foot,
839 2548 928 2588 regis
957 2548 1091 2589 Angliae
1120 2547 1204 2580 1.11.”
1241 2547 1293 2590 (or
1308 2549 1385 2580 Oct.
1402 2551 1457 2588 21,

192 2596 214 2613 “
229 2595 356 2626 Datum
377 2594 411 2625 in
436 2594 554 2625 castris
577 2594 669 2633 apud
691 2594 808 2624 Kenil-
842 2592 954 2637 1268).

192 2640 300 2673 worth
316 2640 462 2671 secundo
483 2639 646 2671 kalendas
664 2639 808 2670 Novem-

193 2687 275 2726 bris,
286 2686 498 2725 pontificatus
513 2685 639 2716 domini
655 2685 808 2717 Clemen-
888 2683 901 2702 ²
924 2685 1010 2716 Vide
1037 2685 1162 2718 Coke's
1189 2686 1256 2718 2ud
1285 2686 1459 2725 Instituta,

191 2734 235 2764 tis
259 2742 357 2772 papae
385 2729 468 2763 unu.
493 2741 580 2763 anuo
604 2732 697 2771 regni
720 2732 809 2771 regis
844 2741 875 2771 p.
896 2734 970 2770 101,
986 2734 1050 2763 etc.

1482 380 1580 411 Henry
1593 378 1650 404 111.

1476 415 1511 440 Δ.
1524 413 1558 438 D.
1575 411 1650 437 1267.

1465 468 1582 493 Dictum
1594 466 1629 491 de

1466 499 1643 526 Kenilworth

1465 533 1596 565 accepted
1601 549 1608 558 .

1465 576 1606 608 Tuesdny,

1464 611 1491 636 N
1493 617 1538 636 ov.
1553 610 1578 635 1.

1464 774 1526 799 The
1537 773 1608 805 king

1465 807 1546 832 holds
1559 813 1575 831 a
1586 813 1649 838 par-

1465 840 1597 870 liament,

1466 873 1579 904 Friday,

1468 906 1541 932 Nov.
1559 907 1597 930 18.

1468 1169 1596 1195 Statutes
1608 1168 1639 1193 of

1469 1203 1590 1228 Marlbo-

1467 1236 1556 1268 rough
1561 1253 1567 1260 .

1486 1566 1520 1592 A.
1531 1566 1565 1591 D.
1582 1564 1648 1590 1270
