<?xml version="1.0" encoding="UTF-8"?>
<!DOCTYPE html PUBLIC "-//W3C//DTD XHTML 1.0 Transitional//EN"
    "http://www.w3.org/TR/xhtml1/DTD/xhtml1-transitional.dtd">
<html xmlns="http://www.w3.org/1999/xhtml" xml:lang="en" lang="en">
 <head>
  <title>
</title>
<meta http-equiv="Content-Type" content="text/html;charset=utf-8" />
  <meta name='ocr-system' content='tesseract 3.04.00' />
  <meta name='ocr-capabilities' content='ocr_page ocr_carea ocr_par ocr_line ocrx_word'/>
</head>
<body>
  <div class='ocr_page' id='page_1' title='image "./chronicondominiw01hemiuoft_0015.png"; bbox 0 0 1820 3180; ppageno 0'>
   <div class='ocr_carea' id='block_1_1' title="bbox 714 254 1468 295">
    <p class='ocr_par' dir='ltr' id='par_1_1' title="bbox 714 254 1468 295">
     <span class='ocr_line' id='line_1_1' title="bbox 714 254 1468 295; baseline 0.004 -3"><span class='ocrx_word' id='word_1_1' title='bbox 714 262 944 293; x_wconf 76' lang='lat' dir='ltr'>PREFAGB.</span> <span class='ocrx_word' id='word_1_2' title='bbox 1419 254 1468 295; x_wconf 86' lang='lat' dir='ltr'>ix</span> 
     </span>
    </p>
   </div>
   <div class='ocr_carea' id='block_1_2' title="bbox 197 363 1468 2471">
    <p class='ocr_par' dir='ltr' id='par_1_2' title="bbox 199 363 1467 486">
     <span class='ocr_line' id='line_1_2' title="bbox 199 363 1467 421; baseline 0.002 -16"><span class='ocrx_word' id='word_1_3' title='bbox 199 363 299 405; x_wconf 87' lang='lat' dir='ltr'>The</span> <span class='ocrx_word' id='word_1_4' title='bbox 341 364 609 419; x_wconf 86' lang='lat' dir='ltr'>inscription</span> <span class='ocrx_word' id='word_1_5' title='bbox 652 379 711 407; x_wconf 94' lang='lat' dir='ltr'>on</span> <span class='ocrx_word' id='word_1_6' title='bbox 752 366 823 407; x_wconf 91' lang='lat' dir='ltr'>his</span> <span class='ocrx_word' id='word_1_7' title='bbox 869 367 995 408; x_wconf 91' lang='lat' dir='ltr'>tomb</span> <span class='ocrx_word' id='word_1_8' title='bbox 1039 366 1181 421; x_wconf 82' lang='lat' dir='ltr'>spells</span> <span class='ocrx_word' id='word_1_9' title='bbox 1218 366 1289 408; x_wconf 87' lang='lat' dir='ltr'>his</span> <span class='ocrx_word' id='word_1_10' title='bbox 1334 380 1467 409; x_wconf 91' lang='lat' dir='ltr'>name</span> 
     </span>
     <span class='ocr_line' id='line_1_3' title="bbox 199 430 717 486; baseline 0.006 -14"><span class='ocrx_word' id='word_1_11' title='bbox 199 430 228 471; x_wconf 86' lang='lat' dir='ltr'>J</span> <span class='ocrx_word' id='word_1_12' title='bbox 234 443 276 472; x_wconf 92' lang='lat' dir='ltr'>o.</span> <span class='ocrx_word' id='word_1_13' title='bbox 299 430 717 486; x_wconf 87' lang='lat' dir='ltr'>Hemingbrough.¹</span> 
     </span>
    </p>

    <p class='ocr_par' dir='ltr' id='par_1_3' title="bbox 197 495 1468 2471">
     <span class='ocr_line' id='line_1_4' title="bbox 271 495 1467 548; baseline 0.002 -10"><span class='ocrx_word' id='word_1_14' title='bbox 271 495 404 539; x_wconf 85' lang='lat' dir='ltr'><strong>After</strong></span> <span class='ocrx_word' id='word_1_15' title='bbox 434 497 626 548; x_wconf 89' lang='lat' dir='ltr'>Leland,</span> <span class='ocrx_word' id='word_1_16' title='bbox 650 498 727 540; x_wconf 90' lang='lat' dir='ltr'>the</span> <span class='ocrx_word' id='word_1_17' title='bbox 759 503 872 540; x_wconf 84' lang='lat' dir='ltr'>next</span> <span class='ocrx_word' id='word_1_18' title='bbox 904 499 1057 541; x_wconf 85' lang='lat' dir='ltr'><strong>writer</strong></span> <span class='ocrx_word' id='word_1_19' title='bbox 1094 498 1199 544; x_wconf 87' lang='lat' dir='ltr'>who</span> <span class='ocrx_word' id='word_1_20' title='bbox 1241 499 1467 541; x_wconf 89' lang='lat' dir='ltr'>mentions</span> 
     </span>
     <span class='ocr_line' id='line_1_5' title="bbox 202 563 1464 619; baseline 0.004 -15"><span class='ocrx_word' id='word_1_21' title='bbox 202 576 286 604; x_wconf 91' lang='lat' dir='ltr'>our</span> <span class='ocrx_word' id='word_1_22' title='bbox 324 563 507 606; x_wconf 90' lang='lat' dir='ltr'>Author</span> <span class='ocrx_word' id='word_1_23' title='bbox 540 565 581 606; x_wconf 89' lang='lat' dir='ltr'>is</span> <span class='ocrx_word' id='word_1_24' title='bbox 618 565 750 616; x_wconf 90' lang='lat' dir='ltr'>Bale,</span> <span class='ocrx_word' id='word_1_25' title='bbox 788 565 904 607; x_wconf 86' lang='lat' dir='ltr'>from</span> <span class='ocrx_word' id='word_1_26' title='bbox 939 565 1095 607; x_wconf 88' lang='lat' dir='ltr'>whose</span> <span class='ocrx_word' id='word_1_27' title='bbox 1119 565 1286 619; x_wconf 90' lang='lat' dir='ltr'>Script.</span> <span class='ocrx_word' id='word_1_28' title='bbox 1311 565 1464 610; x_wconf 86' lang='lat' dir='ltr'>Illust.</span> 
     </span>
     <span class='ocr_line' id='line_1_6' title="bbox 203 629 1464 685; baseline 0.001 -14"><span class='ocrx_word' id='word_1_29' title='bbox 203 629 367 683; x_wconf 89' lang='lat' dir='ltr'>Magn.</span> <span class='ocrx_word' id='word_1_30' title='bbox 412 631 525 673; x_wconf 87' lang='lat' dir='ltr'>Brit.</span> <span class='ocrx_word' id='word_1_31' title='bbox 573 630 703 673; x_wconf 86' lang='lat' dir='ltr'>Cent.</span> <span class='ocrx_word' id='word_1_32' title='bbox 740 630 902 682; x_wconf 80' lang='lat' dir='ltr'>Quint.</span> <span class='ocrx_word' id='word_1_33' title='bbox 948 644 994 685; x_wconf 90' lang='lat' dir='ltr'>p.</span> <span class='ocrx_word' id='word_1_34' title='bbox 1025 631 1126 681; x_wconf 75' lang='lat'>426,</span> <span class='ocrx_word' id='word_1_35' title='bbox 1177 631 1255 673; x_wconf 91' lang='lat' dir='ltr'>the</span> <span class='ocrx_word' id='word_1_36' title='bbox 1288 632 1464 673; x_wconf 89' lang='lat' dir='ltr'>follow-</span> 
     </span>
     <span class='ocr_line' id='line_1_7' title="bbox 200 695 1467 751; baseline 0.002 -15"><span class='ocrx_word' id='word_1_37' title='bbox 200 696 279 750; x_wconf 86' lang='lat' dir='ltr'>ing</span> <span class='ocrx_word' id='word_1_38' title='bbox 318 701 500 739; x_wconf 83' lang='lat' dir='ltr'>extract</span> <span class='ocrx_word' id='word_1_39' title='bbox 535 697 575 738; x_wconf 91' lang='lat' dir='ltr'>is</span> <span class='ocrx_word' id='word_1_40' title='bbox 613 696 768 739; x_wconf 86' lang='lat' dir='ltr'>taken.</span> <span class='ocrx_word' id='word_1_41' title='bbox 838 699 869 719; x_wconf 92' lang='lat'><em>“</em></span> <span class='ocrx_word' id='word_1_42' title='bbox 896 695 1149 738; x_wconf 86' lang='lat' dir='ltr'>Gualterus</span> <span class='ocrx_word' id='word_1_43' title='bbox 1182 697 1467 751; x_wconf 87' lang='lat' dir='ltr'>Hemmyng-</span> 
     </span>
     <span class='ocr_line' id='line_1_8' title="bbox 201 761 1468 816; baseline 0.001 -13"><span class='ocrx_word' id='word_1_44' title='bbox 201 762 345 813; x_wconf 87' lang='lat' dir='ltr'>sorde,</span> <span class='ocrx_word' id='word_1_45' title='bbox 385 762 645 805; x_wconf 87' lang='lat' dir='ltr'>Canonicus</span> <span class='ocrx_word' id='word_1_46' title='bbox 698 761 1025 804; x_wconf 87' lang='lat' dir='ltr'>Gisburnensis</span> <span class='ocrx_word' id='word_1_47' title='bbox 1084 763 1281 804; x_wconf 89' lang='lat' dir='ltr'>coenobii</span> <span class='ocrx_word' id='word_1_48' title='bbox 1332 776 1468 816; x_wconf 90' lang='lat' dir='ltr'>regu-</span> 
     </span>
     <span class='ocr_line' id='line_1_9' title="bbox 202 827 1467 882; baseline 0.002 -13"><span class='ocrx_word' id='word_1_49' title='bbox 202 828 327 877; x_wconf 89' lang='lat' dir='ltr'>laris,</span> <span class='ocrx_word' id='word_1_50' title='bbox 353 829 525 870; x_wconf 86' lang='lat' dir='ltr'>ordinis</span> <span class='ocrx_word' id='word_1_51' title='bbox 552 828 647 870; x_wconf 91' lang='lat' dir='ltr'>divi</span> <span class='ocrx_word' id='word_1_52' title='bbox 669 827 936 882; x_wconf 76' lang='lat' dir='ltr'>Augustini,</span> <span class='ocrx_word' id='word_1_53' title='bbox 961 828 1083 882; x_wconf 92' lang='lat' dir='ltr'>quod</span> <span class='ocrx_word' id='word_1_54' title='bbox 1112 829 1371 870; x_wconf 90' lang='lat' dir='ltr'>coenobium</span> <span class='ocrx_word' id='word_1_55' title='bbox 1396 835 1467 871; x_wconf 89' lang='lat' dir='ltr'>est</span> 
     </span>
     <span class='ocr_line' id='line_1_10' title="bbox 203 894 1466 949; baseline 0.002 -15"><span class='ocrx_word' id='word_1_56' title='bbox 203 907 344 948; x_wconf 90' lang='lat' dir='ltr'>prope</span> <span class='ocrx_word' id='word_1_57' title='bbox 377 894 573 937; x_wconf 89' lang='lat' dir='ltr'>Cliviam</span> <span class='ocrx_word' id='word_1_58' title='bbox 594 894 898 936; x_wconf 86' lang='lat' dir='ltr'>Eboracensis</span> <span class='ocrx_word' id='word_1_59' title='bbox 921 895 1086 949; x_wconf 80' lang='lat' dir='ltr'>patriae</span> <span class='ocrx_word' id='word_1_60' title='bbox 1117 895 1466 949; x_wconf 82' lang='lat' dir='ltr'>provinciolam,</span> 
     </span>
     <span class='ocr_line' id='line_1_11' title="bbox 203 960 1467 1016; baseline 0.002 -15"><span class='ocrx_word' id='word_1_61' title='bbox 203 960 343 1003; x_wconf 88' lang='lat' dir='ltr'>Thesi</span> <span class='ocrx_word' id='word_1_62' title='bbox 373 962 549 1003; x_wconf 90' lang='lat' dir='ltr'>flumini</span> <span class='ocrx_word' id='word_1_63' title='bbox 568 961 863 1003; x_wconf 90' lang='lat' dir='ltr'>celeberrimo</span> <span class='ocrx_word' id='word_1_64' title='bbox 888 961 1204 1016; x_wconf 83' lang='lat' dir='ltr'>adjacentem:</span> <span class='ocrx_word' id='word_1_65' title='bbox 1236 962 1467 1016; x_wconf 90' lang='lat' dir='ltr'>impendio</span> 
     </span>
     <span class='ocr_line' id='line_1_12' title="bbox 202 1027 1466 1082; baseline 0.002 -15"><span class='ocrx_word' id='word_1_66' title='bbox 202 1027 436 1069; x_wconf 91' lang='lat' dir='ltr'>studiosus</span> <span class='ocrx_word' id='word_1_67' title='bbox 474 1028 710 1070; x_wconf 89' lang='lat' dir='ltr'>literarum</span> <span class='ocrx_word' id='word_1_68' title='bbox 745 1033 860 1078; x_wconf 89' lang='lat' dir='ltr'>erat,</span> <span class='ocrx_word' id='word_1_69' title='bbox 895 1033 946 1070; x_wconf 90' lang='lat' dir='ltr'>ut</span> <span class='ocrx_word' id='word_1_70' title='bbox 969 1027 1199 1069; x_wconf 88' lang='lat' dir='ltr'>Lelandus</span> <span class='ocrx_word' id='word_1_71' title='bbox 1238 1028 1338 1082; x_wconf 90' lang='lat' dir='ltr'>ipse</span> <span class='ocrx_word' id='word_1_72' title='bbox 1376 1028 1466 1070; x_wconf 91' lang='lat' dir='ltr'>col-</span> 
     </span>
     <span class='ocr_line' id='line_1_13' title="bbox 203 1093 1465 1146; baseline 0.001 -12"><span class='ocrx_word' id='word_1_73' title='bbox 203 1093 321 1146; x_wconf 90' lang='lat' dir='ltr'>ligit.</span> <span class='ocrx_word' id='word_1_74' title='bbox 392 1094 498 1146; x_wconf 86' lang='lat' dir='ltr'>Quo</span> <span class='ocrx_word' id='word_1_75' title='bbox 522 1094 706 1136; x_wconf 90' lang='lat' dir='ltr'>tandem</span> <span class='ocrx_word' id='word_1_76' title='bbox 737 1093 910 1135; x_wconf 88' lang='lat' dir='ltr'>sactum</span> <span class='ocrx_word' id='word_1_77' title='bbox 950 1100 1036 1144; x_wconf 88' lang='lat' dir='ltr'>est,</span> <span class='ocrx_word' id='word_1_78' title='bbox 1068 1099 1118 1136; x_wconf 88' lang='lat' dir='ltr'>ut</span> <span class='ocrx_word' id='word_1_79' title='bbox 1151 1095 1199 1135; x_wconf 90' lang='lat' dir='ltr'>in</span> <span class='ocrx_word' id='word_1_80' title='bbox 1236 1094 1465 1135; x_wconf 88' lang='lat' dir='ltr'>eruditum</span> 
     </span>
     <span class='ocr_line' id='line_1_14' title="bbox 202 1160 1465 1214; baseline 0.001 -14"><span class='ocrx_word' id='word_1_81' title='bbox 202 1161 401 1202; x_wconf 84' lang='lat' dir='ltr'>evaserit</span> <span class='ocrx_word' id='word_1_82' title='bbox 425 1161 588 1212; x_wconf 89' lang='lat' dir='ltr'>virum,</span> <span class='ocrx_word' id='word_1_83' title='bbox 610 1166 657 1202; x_wconf 95' lang='lat' dir='ltr'>et</span> <span class='ocrx_word' id='word_1_84' title='bbox 680 1173 771 1202; x_wconf 91' lang='lat' dir='ltr'>non</span> <span class='ocrx_word' id='word_1_85' title='bbox 803 1160 951 1202; x_wconf 86' lang='lat' dir='ltr'>levem</span> <span class='ocrx_word' id='word_1_86' title='bbox 979 1160 1100 1214; x_wconf 90' lang='lat' dir='ltr'>apud</span> <span class='ocrx_word' id='word_1_87' title='bbox 1134 1173 1243 1202; x_wconf 91' lang='lat' dir='ltr'>suos</span> <span class='ocrx_word' id='word_1_88' title='bbox 1267 1161 1465 1213; x_wconf 86' lang='lat' dir='ltr'>gratiam</span> 
     </span>
     <span class='ocr_line' id='line_1_15' title="bbox 202 1226 1466 1281; baseline 0.002 -15"><span class='ocrx_word' id='word_1_89' title='bbox 202 1226 288 1267; x_wconf 89' lang='lat' dir='ltr'>sibi</span> <span class='ocrx_word' id='word_1_90' title='bbox 316 1227 557 1281; x_wconf 89' lang='lat' dir='ltr'>pepererit.</span> <span class='ocrx_word' id='word_1_91' title='bbox 613 1227 671 1268; x_wconf 90' lang='lat' dir='ltr'>In</span> <span class='ocrx_word' id='word_1_92' title='bbox 694 1239 786 1281; x_wconf 91' lang='lat' dir='ltr'>quo</span> <span class='ocrx_word' id='word_1_93' title='bbox 809 1227 962 1268; x_wconf 91' lang='lat' dir='ltr'>studio</span> <span class='ocrx_word' id='word_1_94' title='bbox 994 1239 1134 1280; x_wconf 92' lang='lat' dir='ltr'>quum</span> <span class='ocrx_word' id='word_1_95' title='bbox 1159 1226 1259 1281; x_wconf 77' lang='lat' dir='ltr'>Jam</span> <span class='ocrx_word' id='word_1_96' title='bbox 1283 1239 1375 1268; x_wconf 89' lang='lat' dir='ltr'>non</span> <span class='ocrx_word' id='word_1_97' title='bbox 1401 1227 1466 1268; x_wconf 91' lang='lat' dir='ltr'>in-</span> 
     </span>
     <span class='ocr_line' id='line_1_16' title="bbox 201 1291 1466 1346; baseline 0.002 -14"><span class='ocrx_word' id='word_1_98' title='bbox 201 1291 414 1334; x_wconf 82' lang='lat' dir='ltr'>foeliciter</span> <span class='ocrx_word' id='word_1_99' title='bbox 444 1306 627 1335; x_wconf 89' lang='lat' dir='ltr'>cursum</span> <span class='ocrx_word' id='word_1_100' title='bbox 671 1293 858 1346; x_wconf 85' lang='lat' dir='ltr'>longum</span> <span class='ocrx_word' id='word_1_101' title='bbox 889 1293 1218 1343; x_wconf 88' lang='lat' dir='ltr'>continuasset,</span> <span class='ocrx_word' id='word_1_102' title='bbox 1254 1305 1359 1334; x_wconf 88' lang='lat' dir='ltr'>ecce</span> <span class='ocrx_word' id='word_1_103' title='bbox 1391 1305 1466 1334; x_wconf 92' lang='lat' dir='ltr'>cu-</span> 
     </span>
     <span class='ocr_line' id='line_1_17' title="bbox 203 1358 1466 1414; baseline 0.001 -15"><span class='ocrx_word' id='word_1_104' title='bbox 203 1358 311 1412; x_wconf 92' lang='lat' dir='ltr'>pido</span> <span class='ocrx_word' id='word_1_105' title='bbox 345 1359 555 1413; x_wconf 80' lang='lat' dir='ltr'>quaedam</span> <span class='ocrx_word' id='word_1_106' title='bbox 591 1359 692 1414; x_wconf 89' lang='lat' dir='ltr'>ejus</span> <span class='ocrx_word' id='word_1_107' title='bbox 727 1360 973 1413; x_wconf 88' lang='lat' dir='ltr'>occupavit</span> <span class='ocrx_word' id='word_1_108' title='bbox 1006 1359 1224 1409; x_wconf 89' lang='lat' dir='ltr'>animum,</span> <span class='ocrx_word' id='word_1_109' title='bbox 1250 1364 1302 1400; x_wconf 92' lang='lat' dir='ltr'>ut</span> <span class='ocrx_word' id='word_1_110' title='bbox 1326 1359 1466 1400; x_wconf 92' lang='lat' dir='ltr'>histo-</span> 
     </span>
     <span class='ocr_line' id='line_1_18' title="bbox 202 1424 1464 1479; baseline 0.002 -15"><span class='ocrx_word' id='word_1_111' title='bbox 202 1425 315 1466; x_wconf 85' lang='lat' dir='ltr'>riam</span> <span class='ocrx_word' id='word_1_112' title='bbox 355 1438 506 1467; x_wconf 91' lang='lat' dir='ltr'>rerum</span> <span class='ocrx_word' id='word_1_113' title='bbox 547 1425 851 1478; x_wconf 88' lang='lat' dir='ltr'>Anglicarum</span> <span class='ocrx_word' id='word_1_114' title='bbox 907 1425 1169 1479; x_wconf 87' lang='lat' dir='ltr'>posteritati</span> <span class='ocrx_word' id='word_1_115' title='bbox 1216 1424 1464 1468; x_wconf 88' lang='lat' dir='ltr'>dedicaret.</span> 
     </span>
     <span class='ocr_line' id='line_1_19' title="bbox 202 1490 1466 1546; baseline 0.002 -15"><span class='ocrx_word' id='word_1_116' title='bbox 202 1490 346 1533; x_wconf 91' lang='lat' dir='ltr'>Bonis</span> <span class='ocrx_word' id='word_1_117' title='bbox 385 1492 534 1545; x_wconf 86' lang='lat' dir='ltr'>igitur</span> <span class='ocrx_word' id='word_1_118' title='bbox 576 1492 740 1533; x_wconf 90' lang='lat' dir='ltr'>avibus</span> <span class='ocrx_word' id='word_1_119' title='bbox 789 1492 848 1533; x_wconf 94' lang='lat' dir='ltr'>ab</span> <span class='ocrx_word' id='word_1_120' title='bbox 887 1492 989 1546; x_wconf 90' lang='lat' dir='ltr'>ipso</span> <span class='ocrx_word' id='word_1_121' title='bbox 1037 1491 1301 1533; x_wconf 89' lang='lat' dir='ltr'>Guilhelmo</span> <span class='ocrx_word' id='word_1_122' title='bbox 1347 1491 1466 1533; x_wconf 89' lang='lat' dir='ltr'>Nor-</span> 
     </span>
     <span class='ocr_line' id='line_1_20' title="bbox 200 1557 1465 1612; baseline 0 -14"><span class='ocrx_word' id='word_1_123' title='bbox 200 1570 368 1598; x_wconf 90' lang='lat' dir='ltr'>manno</span> <span class='ocrx_word' id='word_1_124' title='bbox 398 1558 636 1599; x_wconf 88' lang='lat' dir='ltr'>exordium</span> <span class='ocrx_word' id='word_1_125' title='bbox 672 1570 871 1608; x_wconf 88' lang='lat' dir='ltr'>sumens,</span> <span class='ocrx_word' id='word_1_126' title='bbox 907 1559 965 1600; x_wconf 89' lang='lat' dir='ltr'>ad</span> <span class='ocrx_word' id='word_1_127' title='bbox 1008 1563 1216 1612; x_wconf 89' lang='lat' dir='ltr'>tempora</span> <span class='ocrx_word' id='word_1_128' title='bbox 1248 1557 1465 1599; x_wconf 89' lang='lat' dir='ltr'>Edwardi</span> 
     </span>
     <span class='ocr_line' id='line_1_21' title="bbox 200 1623 1464 1678; baseline 0 -14"><span class='ocrx_word' id='word_1_129' title='bbox 200 1623 299 1677; x_wconf 88' lang='lat' dir='ltr'>ejus</span> <span class='ocrx_word' id='word_1_130' title='bbox 354 1624 677 1678; x_wconf 87' lang='lat' dir='ltr'>appellationis</span> <span class='ocrx_word' id='word_1_131' title='bbox 734 1623 938 1674; x_wconf 89' lang='lat' dir='ltr'>secundi,</span> <span class='ocrx_word' id='word_1_132' title='bbox 982 1624 1069 1666; x_wconf 92' lang='lat' dir='ltr'>hoc</span> <span class='ocrx_word' id='word_1_133' title='bbox 1102 1629 1188 1673; x_wconf 91' lang='lat' dir='ltr'>est,</span> <span class='ocrx_word' id='word_1_134' title='bbox 1241 1625 1299 1665; x_wconf 90' lang='lat' dir='ltr'>ab</span> <span class='ocrx_word' id='word_1_135' title='bbox 1344 1637 1464 1665; x_wconf 88' lang='lat' dir='ltr'>anno</span> 
     </span>
     <span class='ocr_line' id='line_1_22' title="bbox 202 1688 1466 1744; baseline 0.001 -14"><span class='ocrx_word' id='word_1_136' title='bbox 202 1689 375 1731; x_wconf 90' lang='lat' dir='ltr'>Christi</span> <span class='ocrx_word' id='word_1_137' title='bbox 395 1690 524 1740; x_wconf 88' lang='grc'><strong>1066,</strong></span> <span class='ocrx_word' id='word_1_138' title='bbox 548 1702 695 1744; x_wconf 90' lang='lat' dir='ltr'>usque</span> <span class='ocrx_word' id='word_1_139' title='bbox 717 1689 775 1731; x_wconf 85' lang='lat' dir='ltr'>ad</span> <span class='ocrx_word' id='word_1_140' title='bbox 805 1702 973 1731; x_wconf 88' lang='lat' dir='ltr'>annum</span> <span class='ocrx_word' id='word_1_141' title='bbox 1005 1690 1106 1744; x_wconf 89' lang='lat' dir='ltr'>ejus</span> <span class='ocrx_word' id='word_1_142' title='bbox 1138 1689 1268 1740; x_wconf 82' lang='lat'>1308,</span> <span class='ocrx_word' id='word_1_143' title='bbox 1287 1688 1466 1742; x_wconf 85' lang='lat' dir='ltr'>Anglo-</span> 
     </span>
     <span class='ocr_line' id='line_1_23' title="bbox 201 1755 1464 1809; baseline 0 -13"><span class='ocrx_word' id='word_1_144' title='bbox 201 1769 301 1796; x_wconf 91' lang='lat' dir='ltr'>rum</span> <span class='ocrx_word' id='word_1_145' title='bbox 331 1769 404 1798; x_wconf 89' lang='lat' dir='ltr'>res</span> <span class='ocrx_word' id='word_1_146' title='bbox 428 1760 585 1809; x_wconf 85' lang='lat' dir='ltr'>gestas</span> <span class='ocrx_word' id='word_1_147' title='bbox 617 1768 796 1797; x_wconf 91' lang='lat' dir='ltr'>summa</span> <span class='ocrx_word' id='word_1_148' title='bbox 834 1768 960 1806; x_wconf 90' lang='lat' dir='ltr'>cura,</span> <span class='ocrx_word' id='word_1_149' title='bbox 996 1768 1051 1797; x_wconf 89' lang='lat' dir='ltr'>ac</span> <span class='ocrx_word' id='word_1_150' title='bbox 1084 1755 1222 1809; x_wconf 87' lang='lat' dir='ltr'>plena</span> <span class='ocrx_word' id='word_1_151' title='bbox 1257 1756 1464 1797; x_wconf 87' lang='lat' dir='ltr'>oratione</span> 
     </span>
     <span class='ocr_line' id='line_1_24' title="bbox 199 1821 1464 1876; baseline -0.001 -13"><span class='ocrx_word' id='word_1_152' title='bbox 199 1823 489 1876; x_wconf 89' lang='lat' dir='ltr'>perscripsit;</span> <span class='ocrx_word' id='word_1_153' title='bbox 527 1827 580 1863; x_wconf 93' lang='lat' dir='ltr'>ut</span> <span class='ocrx_word' id='word_1_154' title='bbox 601 1826 647 1863; x_wconf 89' lang='lat' dir='ltr'>et</span> <span class='ocrx_word' id='word_1_155' title='bbox 667 1821 958 1863; x_wconf 89' lang='lat' dir='ltr'>Guilhelmus</span> <span class='ocrx_word' id='word_1_156' title='bbox 976 1821 1274 1863; x_wconf 87' lang='lat' dir='ltr'>Hormannus</span> <span class='ocrx_word' id='word_1_157' title='bbox 1297 1822 1343 1863; x_wconf 91' lang='lat' dir='ltr'>in</span> <span class='ocrx_word' id='word_1_158' title='bbox 1369 1822 1464 1863; x_wconf 89' lang='lat' dir='ltr'>suis</span> 
     </span>
     <span class='ocr_line' id='line_1_25' title="bbox 200 1887 1464 1942; baseline -0.001 -13"><span class='ocrx_word' id='word_1_159' title='bbox 200 1888 491 1930; x_wconf 87' lang='lat' dir='ltr'>collectaneis</span> <span class='ocrx_word' id='word_1_160' title='bbox 528 1888 683 1938; x_wconf 87' lang='lat' dir='ltr'>refert,</span> <span class='ocrx_word' id='word_1_161' title='bbox 708 1889 996 1942; x_wconf 84' lang='lat' dir='ltr'>vocabatque</span> <span class='ocrx_word' id='word_1_162' title='bbox 1037 1900 1171 1929; x_wconf 88' lang='lat' dir='ltr'>suum</span> <span class='ocrx_word' id='word_1_163' title='bbox 1207 1887 1294 1929; x_wconf 93' lang='lat' dir='ltr'>hoc</span> <span class='ocrx_word' id='word_1_164' title='bbox 1332 1901 1464 1941; x_wconf 85' lang='lat' dir='ltr'>opuS,</span> 
     </span>
     <span class='ocr_line' id='line_1_26' title="bbox 202 1953 1464 2007; baseline -0.001 -12"><span class='ocrx_word' id='word_1_165' title='bbox 202 1954 459 1996; x_wconf 90' lang='lat' dir='ltr'>Historiam</span> <span class='ocrx_word' id='word_1_166' title='bbox 482 1953 759 2007; x_wconf 89' lang='lat' dir='ltr'>Anglorum,</span> <span class='ocrx_word' id='word_1_167' title='bbox 781 1954 860 1995; x_wconf 92' lang='lat' dir='ltr'>lib.</span> <span class='ocrx_word' id='word_1_168' title='bbox 882 1955 930 2002; x_wconf 84' lang='lat' dir='ltr'>i.;</span> <span class='ocrx_word' id='word_1_169' title='bbox 965 1953 1224 1995; x_wconf 89' lang='lat' dir='ltr'>Chronicon</span> <span class='ocrx_word' id='word_1_170' title='bbox 1247 1954 1464 1995; x_wconf 90' lang='lat' dir='ltr'>Edwardi</span> 
     </span>
     <span class='ocr_line' id='line_1_27' title="bbox 199 2019 1462 2075; baseline -0.001 -13"><span class='ocrx_word' id='word_1_171' title='bbox 199 2021 339 2070; x_wconf 89' lang='lat' dir='ltr'>tertii,</span> <span class='ocrx_word' id='word_1_172' title='bbox 357 2021 436 2062; x_wconf 90' lang='lat' dir='ltr'>lib.</span> <span class='ocrx_word' id='word_1_173' title='bbox 461 2021 506 2071; x_wconf 93' lang='lat' dir='ltr'>i.,</span> <span class='ocrx_word' id='word_1_174' title='bbox 525 2021 780 2063; x_wconf 88' lang='lat' dir='ltr'>Edwardus</span> <span class='ocrx_word' id='word_1_175' title='bbox 801 2025 907 2075; x_wconf 84' lang='lat' dir='ltr'>post</span> <span class='ocrx_word' id='word_1_176' title='bbox 929 2019 1245 2074; x_wconf 89' lang='lat' dir='ltr'>Conquestum</span> <span class='ocrx_word' id='word_1_177' title='bbox 1269 2020 1462 2071; x_wconf 88' lang='lat' dir='ltr'>tertius;</span> 
     </span>
     <span class='ocr_line' id='line_1_28' title="bbox 197 2085 1464 2141; baseline -0.001 -13"><span class='ocrx_word' id='word_1_178' title='bbox 197 2087 438 2128; x_wconf 87' lang='lat' dir='ltr'>Sermones</span> <span class='ocrx_word' id='word_1_179' title='bbox 458 2087 651 2141; x_wconf 91' lang='lat' dir='ltr'>aliquot,</span> <span class='ocrx_word' id='word_1_180' title='bbox 673 2087 750 2128; x_wconf 88' lang='lat' dir='ltr'>lib.</span> <span class='ocrx_word' id='word_1_181' title='bbox 765 2087 794 2129; x_wconf 87' lang='lat' dir='ltr'>i.</span> <span class='ocrx_word' id='word_1_182' title='bbox 847 2085 1004 2141; x_wconf 89' lang='lat' dir='ltr'>Atque</span> <span class='ocrx_word' id='word_1_183' title='bbox 1026 2087 1121 2128; x_wconf 88' lang='lat' dir='ltr'>alia</span> <span class='ocrx_word' id='word_1_184' title='bbox 1140 2086 1352 2140; x_wconf 83' lang='lat' dir='ltr'>quaedam</span> <span class='ocrx_word' id='word_1_185' title='bbox 1373 2086 1464 2127; x_wconf 91' lang='lat' dir='ltr'>edi-</span> 
     </span>
     <span class='ocr_line' id='line_1_29' title="bbox 199 2153 1462 2207; baseline -0.001 -13"><span class='ocrx_word' id='word_1_186' title='bbox 199 2153 281 2202; x_wconf 85' lang='lat' dir='ltr'>dit,</span> <span class='ocrx_word' id='word_1_187' title='bbox 303 2157 355 2195; x_wconf 88' lang='lat' dir='ltr'>ut</span> <span class='ocrx_word' id='word_1_188' title='bbox 386 2154 584 2207; x_wconf 90' lang='lat' dir='ltr'>produnt</span> <span class='ocrx_word' id='word_1_189' title='bbox 608 2153 840 2203; x_wconf 89' lang='lat' dir='ltr'>authores,</span> <span class='ocrx_word' id='word_1_190' title='bbox 862 2153 940 2194; x_wconf 92' lang='lat' dir='ltr'>sed</span> <span class='ocrx_word' id='word_1_191' title='bbox 967 2165 1023 2194; x_wconf 92' lang='lat' dir='ltr'>ea</span> <span class='ocrx_word' id='word_1_192' title='bbox 1048 2166 1139 2194; x_wconf 91' lang='lat' dir='ltr'>non</span> <span class='ocrx_word' id='word_1_193' title='bbox 1170 2159 1462 2206; x_wconf 82' lang='lat' dir='ltr'>comparent3</span> 
     </span>
     <span class='ocr_line' id='line_1_30' title="bbox 198 2213 1462 2272; baseline -0.001 -12"><span class='ocrx_word' id='word_1_194' title='bbox 198 2219 378 2261; x_wconf 89' lang='lat' dir='ltr'>Claruit</span> <span class='ocrx_word' id='word_1_195' title='bbox 417 2213 502 2261; x_wconf 89' lang='lat' dir='ltr'>sub</span> <span class='ocrx_word' id='word_1_196' title='bbox 533 2219 692 2261; x_wconf 91' lang='lat' dir='ltr'>eodem</span> <span class='ocrx_word' id='word_1_197' title='bbox 724 2219 952 2260; x_wconf 89' lang='lat' dir='ltr'>Edwardo</span> <span class='ocrx_word' id='word_1_198' title='bbox 974 2220 1110 2261; x_wconf 88' lang='lat' dir='ltr'>tertio</span> <span class='ocrx_word' id='word_1_199' title='bbox 1133 2219 1261 2261; x_wconf 88' lang='lat' dir='ltr'>varia</span> <span class='ocrx_word' id='word_1_200' title='bbox 1283 2231 1462 2272; x_wconf 90' lang='lat' dir='ltr'>compo-</span> 
     </span>
     <span class='ocr_line' id='line_1_31' title="bbox 200 2284 1466 2340; baseline -0.002 -14"><span class='ocrx_word' id='word_1_201' title='bbox 200 2298 338 2337; x_wconf 83' lang='lat' dir='ltr'>nens3</span> <span class='ocrx_word' id='word_1_202' title='bbox 365 2291 412 2327; x_wconf 91' lang='lat' dir='ltr'>et</span> <span class='ocrx_word' id='word_1_203' title='bbox 433 2286 601 2327; x_wconf 92' lang='lat' dir='ltr'>obiisse</span> <span class='ocrx_word' id='word_1_204' title='bbox 623 2284 768 2327; x_wconf 83' lang='lat' dir='ltr'>fertur</span> <span class='ocrx_word' id='word_1_205' title='bbox 790 2298 911 2327; x_wconf 90' lang='lat' dir='ltr'>anno</span> <span class='ocrx_word' id='word_1_206' title='bbox 933 2285 1175 2340; x_wconf 76' lang='lat' dir='ltr'>patefactae</span> <span class='ocrx_word' id='word_1_207' title='bbox 1199 2285 1362 2337; x_wconf 84' lang='lat' dir='ltr'>gratiae</span> <span class='ocrx_word' id='word_1_208' title='bbox 1384 2297 1466 2337; x_wconf 90' lang='lat' dir='ltr'>per</span> 
     </span>
     <span class='ocr_line' id='line_1_32' title="bbox 200 2350 1466 2402; baseline -0.002 -9"><span class='ocrx_word' id='word_1_209' title='bbox 200 2352 433 2394; x_wconf 84' lang='lat' dir='ltr'>Christum</span> <span class='ocrx_word' id='word_1_210' title='bbox 458 2352 586 2402; x_wconf 86' lang='lat'>1347,</span> <span class='ocrx_word' id='word_1_211' title='bbox 613 2351 859 2393; x_wconf 86' lang='lat' dir='ltr'>Gisburnae</span> <span class='ocrx_word' id='word_1_212' title='bbox 880 2352 926 2392; x_wconf 91' lang='lat' dir='ltr'>in</span> <span class='ocrx_word' id='word_1_213' title='bbox 959 2364 1044 2392; x_wconf 89' lang='lat' dir='ltr'>suo</span> <span class='ocrx_word' id='word_1_214' title='bbox 1065 2351 1292 2398; x_wconf 90' lang='lat' dir='ltr'>coenobio,</span> <span class='ocrx_word' id='word_1_215' title='bbox 1313 2350 1392 2390; x_wconf 92' lang='lat' dir='ltr'>ubi</span> <span class='ocrx_word' id='word_1_216' title='bbox 1419 2355 1466 2391; x_wconf 93' lang='lat' dir='ltr'>et</span> 
     </span>
     <span class='ocr_line' id='line_1_33' title="bbox 199 2415 1464 2471; baseline -0.002 -13"><span class='ocrx_word' id='word_1_217' title='bbox 199 2418 407 2471; x_wconf 90' lang='lat' dir='ltr'>sepultus</span> <span class='ocrx_word' id='word_1_218' title='bbox 431 2416 543 2459; x_wconf 80' lang='lat' dir='ltr'>est.&#39;&#39;</span> <span class='ocrx_word' id='word_1_219' title='bbox 611 2417 711 2458; x_wconf 89' lang='lat' dir='ltr'>The</span> <span class='ocrx_word' id='word_1_220' title='bbox 741 2417 936 2470; x_wconf 83' lang='lat' dir='ltr'>change,</span> <span class='ocrx_word' id='word_1_221' title='bbox 958 2417 1082 2465; x_wconf 92' lang='lat' dir='ltr'>here,</span> <span class='ocrx_word' id='word_1_222' title='bbox 1114 2415 1168 2457; x_wconf 89' lang='lat' dir='ltr'>of</span> <span class='ocrx_word' id='word_1_223' title='bbox 1195 2415 1464 2469; x_wconf 91' lang='lat' dir='ltr'>Hemengo-</span> 
     </span>
    </p>
   </div>
   <div class='ocr_carea' id='block_1_3' title="bbox 198 2559 1466 2785">
    <p class='ocr_par' dir='ltr' id='par_1_4' title="bbox 198 2559 1466 2785">
     <span class='ocr_line' id='line_1_34' title="bbox 250 2559 1466 2601; baseline -0.002 -8"><span class='ocrx_word' id='word_1_224' title='bbox 250 2562 256 2580; x_wconf 90' lang='lat'><strong>¹</strong></span> <span class='ocrx_word' id='word_1_225' title='bbox 280 2563 343 2594; x_wconf 87' lang='lat' dir='ltr'>See</span> <span class='ocrx_word' id='word_1_226' title='bbox 362 2562 449 2593; x_wconf 85' lang='lat' dir='ltr'>New</span> <span class='ocrx_word' id='word_1_227' title='bbox 464 2562 688 2601; x_wconf 84' lang='lat' dir='ltr'>Monasticon,</span> <span class='ocrx_word' id='word_1_228' title='bbox 704 2562 726 2593; x_wconf 90' lang='lat' dir='ltr'>i.</span> <span class='ocrx_word' id='word_1_229' title='bbox 740 2563 813 2592; x_wconf 82' lang='lat'>131.</span> <span class='ocrx_word' id='word_1_230' title='bbox 847 2563 867 2591; x_wconf 83' lang='grc'>4</span> <span class='ocrx_word' id='word_1_231' title='bbox 886 2560 984 2591; x_wconf 85' lang='lat' dir='ltr'>Edw.</span> <span class='ocrx_word' id='word_1_232' title='bbox 997 2559 1028 2591; x_wconf 92' lang='grc' dir='ltr'>Ι.</span> <span class='ocrx_word' id='word_1_233' title='bbox 1039 2569 1082 2591; x_wconf 90' lang='lat' dir='ltr'>m.</span> <span class='ocrx_word' id='word_1_234' title='bbox 1096 2562 1128 2599; x_wconf 88' lang='lat'>8,</span> <span class='ocrx_word' id='word_1_235' title='bbox 1141 2569 1174 2600; x_wconf 90' lang='lat' dir='ltr'>p.</span> <span class='ocrx_word' id='word_1_236' title='bbox 1187 2561 1262 2599; x_wconf 78' lang='lat'>129,</span> <span class='ocrx_word' id='word_1_237' title='bbox 1279 2559 1296 2590; x_wconf 94' lang='lat'>1</span> <span class='ocrx_word' id='word_1_238' title='bbox 1315 2559 1383 2591; x_wconf 89' lang='lat' dir='ltr'>find</span> <span class='ocrx_word' id='word_1_239' title='bbox 1393 2560 1466 2591; x_wconf 85' lang='lat' dir='ltr'>that</span> 
     </span>
     <span class='ocr_line' id='line_1_35' title="bbox 200 2605 1466 2649; baseline -0.003 -9"><span class='ocrx_word' id='word_1_240' title='bbox 200 2611 231 2640; x_wconf 91' lang='lat' dir='ltr'>A</span> <span class='ocrx_word' id='word_1_241' title='bbox 249 2609 371 2649; x_wconf 87' lang='lat' dir='ltr'>charge</span> <span class='ocrx_word' id='word_1_242' title='bbox 387 2608 558 2639; x_wconf 87' lang='lat' dir='ltr'>delivered</span> <span class='ocrx_word' id='word_1_243' title='bbox 575 2609 619 2647; x_wconf 90' lang='lat' dir='ltr'>by</span> <span class='ocrx_word' id='word_1_244' title='bbox 635 2607 702 2638; x_wconf 78' lang='lat' dir='ltr'>this</span> <span class='ocrx_word' id='word_1_245' title='bbox 725 2608 816 2647; x_wconf 87' lang='lat' dir='ltr'>prior</span> <span class='ocrx_word' id='word_1_246' title='bbox 848 2606 903 2637; x_wconf 87' lang='lat' dir='ltr'>the</span> <span class='ocrx_word' id='word_1_247' title='bbox 922 2606 1049 2645; x_wconf 85' lang='lat' dir='ltr'>Bishop</span> <span class='ocrx_word' id='word_1_248' title='bbox 1066 2606 1103 2637; x_wconf 85' lang='lat' dir='ltr'>of</span> <span class='ocrx_word' id='word_1_249' title='bbox 1123 2605 1277 2638; x_wconf 86' lang='lat' dir='ltr'>Durham</span> <span class='ocrx_word' id='word_1_250' title='bbox 1294 2605 1373 2637; x_wconf 89' lang='lat' dir='ltr'>held</span> <span class='ocrx_word' id='word_1_251' title='bbox 1393 2606 1466 2636; x_wconf 89' lang='lat' dir='ltr'>Ho-</span> 
     </span>
     <span class='ocr_line' id='line_1_36' title="bbox 199 2652 1465 2690; baseline -0.002 -4"><span class='ocrx_word' id='word_1_252' title='bbox 199 2658 232 2687; x_wconf 89' lang='lat' dir='ltr'>in</span> <span class='ocrx_word' id='word_1_253' title='bbox 251 2657 335 2686; x_wconf 75' lang='lat'>1404</span> <span class='ocrx_word' id='word_1_254' title='bbox 351 2655 380 2686; x_wconf 87' lang='lat' dir='ltr'>is</span> <span class='ocrx_word' id='word_1_255' title='bbox 397 2654 586 2686; x_wconf 88' lang='lat' dir='ltr'>mentioned</span> <span class='ocrx_word' id='word_1_256' title='bbox 603 2655 636 2685; x_wconf 91' lang='lat' dir='ltr'>in</span> <span class='ocrx_word' id='word_1_257' title='bbox 648 2654 704 2685; x_wconf 90' lang='lat' dir='ltr'>the</span> <span class='ocrx_word' id='word_1_258' title='bbox 715 2653 815 2685; x_wconf 83' lang='lat' dir='ltr'>Cata-</span> <span class='ocrx_word' id='word_1_259' title='bbox 849 2653 954 2684; x_wconf 88' lang='lat' dir='ltr'>veden</span> <span class='ocrx_word' id='word_1_260' title='bbox 993 2652 1060 2683; x_wconf 83' lang='lat' dir='ltr'>and</span> <span class='ocrx_word' id='word_1_261' title='bbox 1090 2652 1267 2690; x_wconf 73' lang='lat' dir='ltr'>Welleton,</span> <span class='ocrx_word' id='word_1_262' title='bbox 1306 2652 1371 2683; x_wconf 88' lang='lat' dir='ltr'>and</span> <span class='ocrx_word' id='word_1_263' title='bbox 1409 2652 1465 2684; x_wconf 85' lang='lat' dir='ltr'>the</span> 
     </span>
     <span class='ocr_line' id='line_1_37' title="bbox 198 2698 1466 2741; baseline -0.003 -8"><span class='ocrx_word' id='word_1_264' title='bbox 198 2703 297 2741; x_wconf 85' lang='lat' dir='ltr'>logne</span> <span class='ocrx_word' id='word_1_265' title='bbox 323 2701 361 2732; x_wconf 84' lang='lat' dir='ltr'>os</span> <span class='ocrx_word' id='word_1_266' title='bbox 387 2701 442 2732; x_wconf 83' lang='lat' dir='ltr'>the</span> <span class='ocrx_word' id='word_1_267' title='bbox 475 2701 628 2732; x_wconf 76' lang='lat' dir='ltr'>Durliam</span> <span class='ocrx_word' id='word_1_268' title='bbox 661 2701 813 2739; x_wconf 86' lang='lat' dir='ltr'>Library.</span> <span class='ocrx_word' id='word_1_269' title='bbox 850 2700 947 2730; x_wconf 89' lang='lat' dir='ltr'>Prior</span> <span class='ocrx_word' id='word_1_270' title='bbox 966 2698 1004 2729; x_wconf 87' lang='lat' dir='ltr'>of</span> <span class='ocrx_word' id='word_1_271' title='bbox 1023 2698 1176 2730; x_wconf 84' lang='lat' dir='ltr'>Durham</span> <span class='ocrx_word' id='word_1_272' title='bbox 1199 2698 1278 2730; x_wconf 88' lang='lat' dir='ltr'>held</span> <span class='ocrx_word' id='word_1_273' title='bbox 1302 2698 1466 2739; x_wconf 86' lang='lat' dir='ltr'>Heming-</span> 
     </span>
     <span class='ocr_line' id='line_1_38' title="bbox 199 2745 1008 2785; baseline -0.004 -6"><span class='ocrx_word' id='word_1_274' title='bbox 199 2749 239 2779; x_wconf 87' lang='lat' dir='ltr'>Iu</span> <span class='ocrx_word' id='word_1_275' title='bbox 252 2748 307 2779; x_wconf 79' lang='lat' dir='ltr'>the</span> <span class='ocrx_word' id='word_1_276' title='bbox 320 2748 395 2779; x_wconf 82' lang='lat' dir='ltr'>Rot.</span> <span class='ocrx_word' id='word_1_277' title='bbox 411 2747 588 2779; x_wconf 86' lang='lat' dir='ltr'>Hundred.</span> <span class='ocrx_word' id='word_1_278' title='bbox 602 2748 696 2779; x_wconf 86' lang='lat' dir='ltr'>Com.</span> <span class='ocrx_word' id='word_1_279' title='bbox 714 2747 813 2778; x_wconf 75' lang='lat' dir='ltr'>Ebot.</span> <span class='ocrx_word' id='word_1_280' title='bbox 847 2745 1008 2785; x_wconf 83' lang='lat' dir='ltr'>borough.</span> 
     </span>
    </p>
   </div>
  </div>
 </body>
</html>
