<?xml version="1.0" encoding="UTF-8"?>
<!DOCTYPE html PUBLIC "-//W3C//DTD XHTML 1.0 Transitional//EN"
    "http://www.w3.org/TR/xhtml1/DTD/xhtml1-transitional.dtd">
<html xmlns="http://www.w3.org/1999/xhtml" xml:lang="en" lang="en">
 <head>
  <title>
</title>
<meta http-equiv="Content-Type" content="text/html;charset=utf-8" />
  <meta name='ocr-system' content='tesseract 3.04.00' />
  <meta name='ocr-capabilities' content='ocr_page ocr_carea ocr_par ocr_line ocrx_word'/>
</head>
<body>
  <div class='ocr_page' id='page_1' title='image "./chronicondominiw01hemiuoft_0037.png"; bbox 0 0 1866 3186; ppageno 0'>
   <div class='ocr_carea' id='block_1_1' title="bbox 472 265 1460 307">
    <p class='ocr_par' dir='ltr' id='par_1_1' title="bbox 472 265 1460 307">
     <span class='ocr_line' id='line_1_1' title="bbox 472 265 1460 307; baseline -0.001 0"><span class='ocrx_word' id='word_1_1' title='bbox 472 275 699 307; x_wconf 69' lang='lat' dir='ltr'>WAm-Em</span> <span class='ocrx_word' id='word_1_2' title='bbox 731 275 793 305; x_wconf 79' lang='lat' dir='ltr'>DE</span> <span class='ocrx_word' id='word_1_3' title='bbox 826 275 1201 307; x_wconf 73' lang='lat' dir='ltr'>nnmmcnuncn.</span> <span class='ocrx_word' id='word_1_4' title='bbox 1403 265 1460 306; x_wconf 89' lang='grc'>15</span> 
     </span>
    </p>
   </div>
   <div class='ocr_carea' id='block_1_2' title="bbox 194 377 1663 957">
    <p class='ocr_par' dir='ltr' id='par_1_2' title="bbox 195 377 1663 564">
     <span class='ocr_line' id='line_1_2' title="bbox 195 377 1655 448; baseline 0.001 -30"><span class='ocrx_word' id='word_1_5' title='bbox 195 377 398 431; x_wconf 84' lang='lat' dir='ltr'>fatigari,</span> <span class='ocrx_word' id='word_1_6' title='bbox 419 379 698 432; x_wconf 91' lang='lat' dir='ltr'>nimiumque</span> <span class='ocrx_word' id='word_1_7' title='bbox 719 378 897 428; x_wconf 88' lang='lat' dir='ltr'>sudare,</span> <span class='ocrx_word' id='word_1_8' title='bbox 921 385 967 421; x_wconf 89' lang='lat' dir='ltr'>et</span> <span class='ocrx_word' id='word_1_9' title='bbox 988 379 1174 421; x_wconf 87' lang='lat' dir='ltr'>horrore</span> <span class='ocrx_word' id='word_1_10' title='bbox 1197 379 1337 420; x_wconf 91' lang='lat' dir='ltr'>nimio</span> <span class='ocrx_word' id='word_1_11' title='bbox 1354 392 1459 420; x_wconf 87' lang='lat' dir='ltr'>con·</span> <span class='ocrx_word' id='word_1_12' title='bbox 1493 389 1655 448; x_wconf 52' lang='lat' dir='ltr'>{vigiaffili</span> 
     </span>
     <span class='ocr_line' id='line_1_3' title="bbox 196 440 1663 498; baseline 0.002 -15"><span class='ocrx_word' id='word_1_13' title='bbox 196 444 307 484; x_wconf 88' lang='lat' dir='ltr'>cuti.</span> <span class='ocrx_word' id='word_1_14' title='bbox 389 443 598 498; x_wconf 83' lang='lat' dir='ltr'><strong>Moxque</strong></span> <span class='ocrx_word' id='word_1_15' title='bbox 638 445 824 486; x_wconf 89' lang='lat' dir='ltr'>mittens</span> <span class='ocrx_word' id='word_1_16' title='bbox 860 445 919 486; x_wconf 90' lang='lat' dir='ltr'>ad</span> <span class='ocrx_word' id='word_1_17' title='bbox 956 444 1221 498; x_wconf 85' lang='lat' dir='ltr'>capellanos</span> <span class='ocrx_word' id='word_1_18' title='bbox 1260 445 1460 494; x_wconf 90' lang='lat' dir='ltr'>eosdem,</span> <span class='ocrx_word' id='word_1_19' title='bbox 1521 441 1528 447; x_wconf 85' lang='grc'><strong>’</strong></span> <span class='ocrx_word' id='word_1_20' title='bbox 1566 441 1573 447; x_wconf 80' lang='grc'><strong>”</strong></span> <span class='ocrx_word' id='word_1_21' title='bbox 1658 440 1663 445; x_wconf 81' lang='grc'><strong>’</strong></span> 
     </span>
     <span class='ocr_line' id='line_1_4' title="bbox 195 509 1463 564; baseline 0.003 -16"><span class='ocrx_word' id='word_1_22' title='bbox 195 509 439 561; x_wconf 87' lang='lat' dir='ltr'>imperavit</span> <span class='ocrx_word' id='word_1_23' title='bbox 469 523 525 551; x_wconf 91' lang='lat' dir='ltr'>ne</span> <span class='ocrx_word' id='word_1_24' title='bbox 563 523 748 564; x_wconf 88' lang='lat' dir='ltr'>quoquo</span> <span class='ocrx_word' id='word_1_25' title='bbox 780 511 915 552; x_wconf 91' lang='lat' dir='ltr'>modo</span> <span class='ocrx_word' id='word_1_26' title='bbox 950 515 1279 564; x_wconf 79' lang='lat' dir='ltr'>praesumerent</span> <span class='ocrx_word' id='word_1_27' title='bbox 1322 511 1463 552; x_wconf 88' lang='lat' dir='ltr'>attin-</span> 
     </span>
    </p>

    <p class='ocr_par' dir='ltr' id='par_1_3' title="bbox 194 575 1462 630">
     <span class='ocr_line' id='line_1_5' title="bbox 194 575 1462 630; baseline 0.002 -15"><span class='ocrx_word' id='word_1_28' title='bbox 194 587 300 627; x_wconf 82' lang='lat' dir='ltr'>gere</span> <span class='ocrx_word' id='word_1_29' title='bbox 327 575 385 616; x_wconf 93' lang='lat' dir='ltr'>ad</span> <span class='ocrx_word' id='word_1_30' title='bbox 411 576 696 629; x_wconf 87' lang='lat' dir='ltr'>sepulcrum:</span> <span class='ocrx_word' id='word_1_31' title='bbox 741 576 1074 630; x_wconf 88' lang='lat' dir='ltr'>confestimque</span> <span class='ocrx_word' id='word_1_32' title='bbox 1103 589 1271 630; x_wconf 91' lang='lat' dir='ltr'>equum</span> <span class='ocrx_word' id='word_1_33' title='bbox 1302 589 1462 618; x_wconf 87' lang='lat' dir='ltr'>ascen-</span> 
     </span>
    </p>

    <p class='ocr_par' dir='ltr' id='par_1_4' title="bbox 194 639 1461 760">
     <span class='ocr_line' id='line_1_6' title="bbox 195 639 1459 695; baseline 0.002 -15"><span class='ocrx_word' id='word_1_34' title='bbox 195 639 306 681; x_wconf 90' lang='lat' dir='ltr'>dens</span> <span class='ocrx_word' id='word_1_35' title='bbox 331 654 420 682; x_wconf 92' lang='lat' dir='ltr'>non</span> <span class='ocrx_word' id='word_1_36' title='bbox 442 642 621 683; x_wconf 87' lang='lat' dir='ltr'>destitit</span> <span class='ocrx_word' id='word_1_37' title='bbox 654 655 817 695; x_wconf 84' lang='lat' dir='ltr'>urgere</span> <span class='ocrx_word' id='word_1_38' title='bbox 849 655 1034 683; x_wconf 90' lang='lat' dir='ltr'>cursum</span> <span class='ocrx_word' id='word_1_39' title='bbox 1065 642 1209 683; x_wconf 87' lang='lat' dir='ltr'>donec</span> <span class='ocrx_word' id='word_1_40' title='bbox 1239 642 1459 683; x_wconf 89' lang='lat' dir='ltr'>Thesiam</span> 
     </span>
     <span class='ocr_line' id='line_1_7' title="bbox 194 706 1461 760; baseline 0.002 -14"><span class='ocrx_word' id='word_1_41' title='bbox 194 706 370 749; x_wconf 88' lang='lat' dir='ltr'>videret</span> <span class='ocrx_word' id='word_1_42' title='bbox 405 712 452 748; x_wconf 89' lang='lat' dir='ltr'>et</span> <span class='ocrx_word' id='word_1_43' title='bbox 493 707 727 757; x_wconf 85' lang='lat' dir='ltr'>transiret,</span> <span class='ocrx_word' id='word_1_44' title='bbox 766 720 820 748; x_wconf 89' lang='lat' dir='ltr'>eo</span> <span class='ocrx_word' id='word_1_45' title='bbox 857 707 979 760; x_wconf 90' lang='lat' dir='ltr'>quod</span> <span class='ocrx_word' id='word_1_46' title='bbox 1019 707 1348 748; x_wconf 90' lang='lat' dir='ltr'>immoderatus</span> <span class='ocrx_word' id='word_1_47' title='bbox 1383 707 1461 748; x_wconf 89' lang='lat' dir='ltr'>ille</span> 
     </span>
    </p>

    <p class='ocr_par' dir='ltr' id='par_1_5' title="bbox 196 771 1463 891">
     <span class='ocr_line' id='line_1_8' title="bbox 196 771 1462 826; baseline 0.001 -14"><span class='ocrx_word' id='word_1_48' title='bbox 196 772 323 813; x_wconf 84' lang='lat' dir='ltr'>calor</span> <span class='ocrx_word' id='word_1_49' title='bbox 357 773 557 814; x_wconf 90' lang='lat' dir='ltr'>nondum</span> <span class='ocrx_word' id='word_1_50' title='bbox 590 774 717 826; x_wconf 91' lang='lat' dir='ltr'>prius</span> <span class='ocrx_word' id='word_1_51' title='bbox 751 772 1007 826; x_wconf 85' lang='lat' dir='ltr'>quiesceret</span> <span class='ocrx_word' id='word_1_52' title='bbox 1035 771 1093 813; x_wconf 92' lang='lat' dir='ltr'>ad</span> <span class='ocrx_word' id='word_1_53' title='bbox 1130 771 1330 825; x_wconf 91' lang='lat' dir='ltr'>plenum.</span> <span class='ocrx_word' id='word_1_54' title='bbox 1401 772 1462 813; x_wconf 90' lang='lat' dir='ltr'>Et</span> 
     </span>
     <span class='ocr_line' id='line_1_9' title="bbox 197 837 1463 891; baseline 0 -13"><span class='ocrx_word' id='word_1_55' title='bbox 197 842 369 879; x_wconf 86' lang='lat' dir='ltr'>extunc</span> <span class='ocrx_word' id='word_1_56' title='bbox 393 839 543 891; x_wconf 90' lang='lat' dir='ltr'>ipsum</span> <span class='ocrx_word' id='word_1_57' title='bbox 571 838 822 891; x_wconf 82' lang='lat' dir='ltr'>gloriosum</span> <span class='ocrx_word' id='word_1_58' title='bbox 853 842 1063 879; x_wconf 89' lang='lat' dir='ltr'>sanctum</span> <span class='ocrx_word' id='word_1_59' title='bbox 1083 837 1279 879; x_wconf 90' lang='lat' dir='ltr'>multum</span> <span class='ocrx_word' id='word_1_60' title='bbox 1300 837 1463 878; x_wconf 88' lang='lat' dir='ltr'>honori</span> 
     </span>
    </p>

    <p class='ocr_par' dir='ltr' id='par_1_6' title="bbox 195 902 910 957">
     <span class='ocr_line' id='line_1_10' title="bbox 195 902 910 957; baseline 0.001 -14"><span class='ocrx_word' id='word_1_61' title='bbox 195 902 369 953; x_wconf 91' lang='lat' dir='ltr'>habuit,</span> <span class='ocrx_word' id='word_1_62' title='bbox 390 909 528 957; x_wconf 89' lang='lat' dir='ltr'>atque</span> <span class='ocrx_word' id='word_1_63' title='bbox 558 903 910 945; x_wconf 88' lang='lat' dir='ltr'>commendavit.</span> 
     </span>
    </p>
   </div>
   <div class='ocr_carea' id='block_1_3' title="bbox 1479 456 1675 464">
    <p class='ocr_par' dir='ltr' id='par_1_7' title="bbox 1479 456 1675 464">
     <span class='ocr_line' id='line_1_11' title="bbox 1479 456 1675 464; baseline 0 2722"><span class='ocrx_word' id='word_1_64' title='bbox 1479 456 1675 464; x_wconf 95' lang='lat' dir='ltr'> </span> 
     </span>
    </p>
   </div>
   <div class='ocr_carea' id='block_1_4' title="bbox 395 1048 1253 1104">
    <p class='ocr_par' dir='ltr' id='par_1_8' title="bbox 395 1048 1253 1104">
     <span class='ocr_line' id='line_1_12' title="bbox 395 1048 1253 1104; baseline -0.002 -13"><span class='ocrx_word' id='word_1_65' title='bbox 395 1050 596 1091; x_wconf 74' lang='lat' dir='ltr'>Monacki</span> <span class='ocrx_word' id='word_1_66' title='bbox 615 1055 809 1090; x_wconf 74' lang='lat' dir='ltr'>venerunt</span> <span class='ocrx_word' id='word_1_67' title='bbox 822 1049 964 1104; x_wconf 77' lang='lat' dir='ltr'>primo</span> <span class='ocrx_word' id='word_1_68' title='bbox 984 1048 1253 1090; x_wconf 69' lang='lat' dir='ltr'>Dunolmum.</span> 
     </span>
    </p>
   </div>
   <div class='ocr_carea' id='block_1_5' title="bbox 197 1162 1680 2336">
    <p class='ocr_par' dir='ltr' id='par_1_9' title="bbox 197 1162 1680 2336">
     <span class='ocr_line' id='line_1_13' title="bbox 264 1162 1649 1216; baseline -0.002 -12"><span class='ocrx_word' id='word_1_69' title='bbox 264 1162 401 1204; x_wconf 89' lang='lat' dir='ltr'>Anno</span> <span class='ocrx_word' id='word_1_70' title='bbox 430 1163 618 1204; x_wconf 90' lang='lat' dir='ltr'>Domini</span> <span class='ocrx_word' id='word_1_71' title='bbox 652 1173 881 1203; x_wconf 79' lang='lat' dir='ltr'>M.LXX1V.</span> <span class='ocrx_word' id='word_1_72' title='bbox 907 1167 1002 1203; x_wconf 90' lang='lat' dir='ltr'>tres</span> <span class='ocrx_word' id='word_1_73' title='bbox 1033 1162 1248 1204; x_wconf 87' lang='lat' dir='ltr'>monachi</span> <span class='ocrx_word' id='word_1_74' title='bbox 1271 1162 1327 1203; x_wconf 91' lang='lat' dir='ltr'>de</span> <span class='ocrx_word' id='word_1_75' title='bbox 1355 1175 1461 1216; x_wconf 90' lang='lat' dir='ltr'>pro·</span> <span class='ocrx_word' id='word_1_76' title='bbox 1480 1177 1649 1203; x_wconf 77' lang='lat' dir='ltr'>A.D.1074.</span> 
     </span>
     <span class='ocr_line' id='line_1_14' title="bbox 197 1228 1462 1278; baseline -0.001 -8"><span class='ocrx_word' id='word_1_77' title='bbox 197 1229 348 1270; x_wconf 86' lang='lat' dir='ltr'>vincia</span> <span class='ocrx_word' id='word_1_78' title='bbox 385 1229 677 1278; x_wconf 89' lang='lat' dir='ltr'>Merciorum,</span> <span class='ocrx_word' id='word_1_79' title='bbox 705 1228 750 1268; x_wconf 89' lang='lat' dir='ltr'>id</span> <span class='ocrx_word' id='word_1_80' title='bbox 788 1232 859 1268; x_wconf 89' lang='lat' dir='ltr'>est</span> <span class='ocrx_word' id='word_1_81' title='bbox 891 1228 1215 1278; x_wconf 88' lang='lat' dir='ltr'>Lincolniensi,</span> <span class='ocrx_word' id='word_1_82' title='bbox 1243 1228 1462 1269; x_wconf 86' lang='lat' dir='ltr'>divinitus</span> 
     </span>
     <span class='ocr_line' id='line_1_15' title="bbox 198 1294 1460 1346; baseline -0.001 -11"><span class='ocrx_word' id='word_1_83' title='bbox 198 1295 323 1335; x_wconf 89' lang='lat' dir='ltr'>missi</span> <span class='ocrx_word' id='word_1_84' title='bbox 341 1299 563 1335; x_wconf 88' lang='lat' dir='ltr'>venerunt</span> <span class='ocrx_word' id='word_1_85' title='bbox 578 1294 797 1342; x_wconf 89' lang='lat' dir='ltr'>Eborum,</span> <span class='ocrx_word' id='word_1_86' title='bbox 814 1298 1023 1346; x_wconf 87' lang='lat' dir='ltr'>petentes</span> <span class='ocrx_word' id='word_1_87' title='bbox 1045 1306 1073 1334; x_wconf 86' lang='lat' dir='ltr'>a</span> <span class='ocrx_word' id='word_1_88' title='bbox 1090 1294 1356 1335; x_wconf 88' lang='lat' dir='ltr'>vicecomite</span> <span class='ocrx_word' id='word_1_89' title='bbox 1376 1294 1460 1335; x_wconf 92' lang='lat' dir='ltr'>du-</span> 
     </span>
     <span class='ocr_line' id='line_1_16' title="bbox 198 1358 1461 1413; baseline 0.001 -13"><span class='ocrx_word' id='word_1_90' title='bbox 198 1373 294 1401; x_wconf 88' lang='lat' dir='ltr'>cem</span> <span class='ocrx_word' id='word_1_91' title='bbox 327 1360 503 1401; x_wconf 83' lang='lat' dir='ltr'>itineris</span> <span class='ocrx_word' id='word_1_92' title='bbox 530 1372 676 1413; x_wconf 91' lang='lat' dir='ltr'>usque</span> <span class='ocrx_word' id='word_1_93' title='bbox 712 1358 1105 1408; x_wconf 88' lang='lat' dir='ltr'>Monkecastrum,</span> <span class='ocrx_word' id='word_1_94' title='bbox 1126 1359 1171 1400; x_wconf 93' lang='lat' dir='ltr'>id</span> <span class='ocrx_word' id='word_1_95' title='bbox 1204 1367 1273 1400; x_wconf 89' lang='lat' dir='ltr'>est</span> <span class='ocrx_word' id='word_1_96' title='bbox 1302 1372 1461 1401; x_wconf 89' lang='lat' dir='ltr'>mona-</span> 
     </span>
     <span class='ocr_line' id='line_1_17' title="bbox 198 1425 1461 1478; baseline -0.001 -11"><span class='ocrx_word' id='word_1_97' title='bbox 198 1425 386 1467; x_wconf 90' lang='lat' dir='ltr'>chorum</span> <span class='ocrx_word' id='word_1_98' title='bbox 417 1426 666 1474; x_wconf 88' lang='lat' dir='ltr'>civitatem,</span> <span class='ocrx_word' id='word_1_99' title='bbox 698 1437 803 1478; x_wconf 83' lang='lat' dir='ltr'>quae</span> <span class='ocrx_word' id='word_1_100' title='bbox 825 1438 946 1466; x_wconf 90' lang='lat' dir='ltr'>nunc</span> <span class='ocrx_word' id='word_1_101' title='bbox 980 1425 1242 1466; x_wconf 86' lang='lat' dir='ltr'>nominatur</span> <span class='ocrx_word' id='word_1_102' title='bbox 1275 1425 1461 1467; x_wconf 93' lang='lat' dir='ltr'>Novum</span> 
     </span>
     <span class='ocr_line' id='line_1_18' title="bbox 201 1491 1462 1545; baseline 0 -13"><span class='ocrx_word' id='word_1_103' title='bbox 201 1491 430 1533; x_wconf 83' lang='lat' dir='ltr'>Castrum.</span> <span class='ocrx_word' id='word_1_104' title='bbox 502 1491 608 1543; x_wconf 85' lang='lat' dir='ltr'>Quo</span> <span class='ocrx_word' id='word_1_105' title='bbox 636 1491 871 1533; x_wconf 88' lang='lat' dir='ltr'>venientes</span> <span class='ocrx_word' id='word_1_106' title='bbox 901 1496 948 1533; x_wconf 88' lang='lat' dir='ltr'>et</span> <span class='ocrx_word' id='word_1_107' title='bbox 977 1491 1035 1532; x_wconf 90' lang='lat' dir='ltr'>ad</span> <span class='ocrx_word' id='word_1_108' title='bbox 1068 1496 1249 1545; x_wconf 88' lang='lat' dir='ltr'>tempus</span> <span class='ocrx_word' id='word_1_109' title='bbox 1275 1492 1339 1532; x_wconf 90' lang='lat' dir='ltr'>ibi</span> <span class='ocrx_word' id='word_1_110' title='bbox 1365 1505 1462 1533; x_wconf 90' lang='lat' dir='ltr'>mo-</span> 
     </span>
     <span class='ocr_line' id='line_1_19' title="bbox 198 1557 1462 1611; baseline -0.001 -12"><span class='ocrx_word' id='word_1_111' title='bbox 198 1563 353 1599; x_wconf 88' lang='lat' dir='ltr'>rantes</span> <span class='ocrx_word' id='word_1_112' title='bbox 384 1558 675 1611; x_wconf 86' lang='lat' dir='ltr'>antiquorum</span> <span class='ocrx_word' id='word_1_113' title='bbox 703 1570 940 1599; x_wconf 83' lang='lat' dir='ltr'>servorum</span> <span class='ocrx_word' id='word_1_114' title='bbox 969 1557 1142 1599; x_wconf 85' lang='lat' dir='ltr'>Christi</span> <span class='ocrx_word' id='word_1_115' title='bbox 1169 1557 1364 1598; x_wconf 89' lang='lat' dir='ltr'>multum</span> <span class='ocrx_word' id='word_1_116' title='bbox 1391 1570 1462 1598; x_wconf 87' lang='lat' dir='ltr'>re-</span> 
     </span>
     <span class='ocr_line' id='line_1_20' title="bbox 199 1624 1465 1677; baseline 0 -13"><span class='ocrx_word' id='word_1_117' title='bbox 199 1630 415 1677; x_wconf 88' lang='lat' dir='ltr'>pererunt</span> <span class='ocrx_word' id='word_1_118' title='bbox 441 1625 702 1677; x_wconf 86' lang='lat' dir='ltr'>vestigium,</span> <span class='ocrx_word' id='word_1_119' title='bbox 729 1628 916 1677; x_wconf 87' lang='lat' dir='ltr'>propter</span> <span class='ocrx_word' id='word_1_120' title='bbox 947 1624 1069 1677; x_wconf 87' lang='lat' dir='ltr'>quod</span> <span class='ocrx_word' id='word_1_121' title='bbox 1102 1624 1386 1665; x_wconf 87' lang='lat' dir='ltr'>diverterunt</span> <span class='ocrx_word' id='word_1_122' title='bbox 1415 1637 1465 1664; x_wconf 91' lang='lat' dir='ltr'>se</span> 
     </span>
     <span class='ocr_line' id='line_1_21' title="bbox 201 1688 1465 1743; baseline 0 -12"><span class='ocrx_word' id='word_1_123' title='bbox 201 1690 259 1731; x_wconf 89' lang='lat' dir='ltr'>ad</span> <span class='ocrx_word' id='word_1_124' title='bbox 288 1688 516 1736; x_wconf 84' lang='lat' dir='ltr'>Girvum‚¹</span> <span class='ocrx_word' id='word_1_125' title='bbox 548 1690 763 1743; x_wconf 89' lang='lat' dir='ltr'>episcopo</span> <span class='ocrx_word' id='word_1_126' title='bbox 795 1689 1099 1739; x_wconf 86' lang='lat' dir='ltr'>Dunolmensi</span> <span class='ocrx_word' id='word_1_127' title='bbox 1119 1689 1330 1731; x_wconf 88' lang='lat' dir='ltr'>Waltero</span> <span class='ocrx_word' id='word_1_128' title='bbox 1361 1689 1465 1731; x_wconf 87' lang='lat' dir='ltr'>illos</span> 
     </span>
     <span class='ocr_line' id='line_1_22' title="bbox 201 1754 1466 1808; baseline -0.001 -11"><span class='ocrx_word' id='word_1_129' title='bbox 201 1769 304 1797; x_wconf 91' lang='lat' dir='ltr'>cum</span> <span class='ocrx_word' id='word_1_130' title='bbox 332 1769 510 1797; x_wconf 90' lang='lat' dir='ltr'>summo</span> <span class='ocrx_word' id='word_1_131' title='bbox 540 1755 712 1797; x_wconf 91' lang='lat' dir='ltr'>honore</span> <span class='ocrx_word' id='word_1_132' title='bbox 741 1755 1046 1808; x_wconf 89' lang='lat' dir='ltr'>suscipiente:</span> <span class='ocrx_word' id='word_1_133' title='bbox 1079 1754 1241 1796; x_wconf 84' lang='lat' dir='ltr'>horum</span> <span class='ocrx_word' id='word_1_134' title='bbox 1280 1755 1466 1796; x_wconf 89' lang='lat' dir='ltr'>nomina</span> 
     </span>
     <span class='ocr_line' id='line_1_23' title="bbox 199 1820 1465 1875; baseline -0.001 -13"><span class='ocrx_word' id='word_1_135' title='bbox 199 1821 385 1863; x_wconf 88' lang='lat' dir='ltr'>suerunt</span> <span class='ocrx_word' id='word_1_136' title='bbox 405 1821 688 1871; x_wconf 89' lang='lat' dir='ltr'>Aldewinus,</span> <span class='ocrx_word' id='word_1_137' title='bbox 709 1820 953 1870; x_wconf 89' lang='lat' dir='ltr'>Alfwinus,</span> <span class='ocrx_word' id='word_1_138' title='bbox 975 1825 1022 1862; x_wconf 89' lang='lat' dir='ltr'>et</span> <span class='ocrx_word' id='word_1_139' title='bbox 1042 1820 1336 1875; x_wconf 86' lang='lat' dir='ltr'>Reynfridus.</span> <span class='ocrx_word' id='word_1_140' title='bbox 1392 1821 1465 1862; x_wconf 87' lang='lat' dir='ltr'>Ex</span> 
     </span>
     <span class='ocr_line' id='line_1_24' title="bbox 202 1886 1655 1940; baseline -0.001 -12"><span class='ocrx_word' id='word_1_141' title='bbox 202 1888 271 1928; x_wconf 91' lang='lat' dir='ltr'>his</span> <span class='ocrx_word' id='word_1_142' title='bbox 306 1888 452 1929; x_wconf 87' lang='lat' dir='ltr'>tribus</span> <span class='ocrx_word' id='word_1_143' title='bbox 480 1887 570 1928; x_wconf 87' lang='lat' dir='ltr'>tria</span> <span class='ocrx_word' id='word_1_144' title='bbox 599 1888 647 1928; x_wconf 90' lang='lat' dir='ltr'>in</span> <span class='ocrx_word' id='word_1_145' title='bbox 677 1887 864 1940; x_wconf 85' lang='lat' dir='ltr'>regione</span> <span class='ocrx_word' id='word_1_146' title='bbox 897 1886 943 1927; x_wconf 94' lang='lat' dir='ltr'>N</span> <span class='ocrx_word' id='word_1_147' title='bbox 945 1886 1360 1928; x_wconf 84' lang='lat' dir='ltr'>orthanimbrorum</span> <span class='ocrx_word' id='word_1_148' title='bbox 1395 1887 1464 1927; x_wconf 90' lang='lat' dir='ltr'>in·</span> <span class='ocrx_word' id='word_1_149' title='bbox 1483 1907 1612 1933; x_wconf 58' lang='lat' dir='ltr'>Erectio„</span> <span class='ocrx_word' id='word_1_150' title='bbox 1623 1908 1655 1932; x_wconf 69' lang='lat' dir='ltr'>„s</span> 
     </span>
     <span class='ocr_line' id='line_1_25' title="bbox 201 1941 1680 2002; baseline -0.001 -8"><span class='ocrx_word' id='word_1_151' title='bbox 201 1958 410 1994; x_wconf 87' lang='lat' dir='ltr'>staurata</span> <span class='ocrx_word' id='word_1_152' title='bbox 458 1958 566 1994; x_wconf 89' lang='lat' dir='ltr'>sunt</span> <span class='ocrx_word' id='word_1_153' title='bbox 616 1953 911 2002; x_wconf 87' lang='lat' dir='ltr'>monasteria,</span> <span class='ocrx_word' id='word_1_154' title='bbox 958 1965 1099 1993; x_wconf 91' lang='lat' dir='ltr'>unum</span> <span class='ocrx_word' id='word_1_155' title='bbox 1152 1952 1372 1994; x_wconf 87' lang='lat' dir='ltr'>Dunolmi</span> <span class='ocrx_word' id='word_1_156' title='bbox 1418 1953 1466 1994; x_wconf 92' lang='lat' dir='ltr'>in</span> <span class='ocrx_word' id='word_1_157' title='bbox 1481 1941 1680 2000; x_wconf 58' lang='grc' dir='ltr'>ξὲοὲῗᾷἱῖἱῗ-</span> 
     </span>
     <span class='ocr_line' id='line_1_26' title="bbox 203 2008 1606 2068; baseline 0 -8"><span class='ocrx_word' id='word_1_158' title='bbox 203 2019 420 2061; x_wconf 90' lang='lat' dir='ltr'>honorem</span> <span class='ocrx_word' id='word_1_159' title='bbox 452 2019 636 2060; x_wconf 83' lang='lat' dir='ltr'>Sanctae</span> <span class='ocrx_word' id='word_1_160' title='bbox 669 2018 848 2068; x_wconf 87' lang='lat' dir='ltr'>Mariae,</span> <span class='ocrx_word' id='word_1_161' title='bbox 871 2018 996 2059; x_wconf 90' lang='lat' dir='ltr'>aliud</span> <span class='ocrx_word' id='word_1_162' title='bbox 1026 2018 1223 2059; x_wconf 89' lang='lat' dir='ltr'>Eboraci</span> <span class='ocrx_word' id='word_1_163' title='bbox 1249 2019 1296 2059; x_wconf 93' lang='lat' dir='ltr'>in</span> <span class='ocrx_word' id='word_1_164' title='bbox 1326 2018 1466 2060; x_wconf 90' lang='lat' dir='ltr'>hono·</span> <span class='ocrx_word' id='word_1_165' title='bbox 1481 2008 1606 2034; x_wconf 56' lang='lat' dir='ltr'>muana.</span> 
     </span>
     <span class='ocr_line' id='line_1_27' title="bbox 201 2082 1464 2139; baseline -0.001 -13"><span class='ocrx_word' id='word_1_166' title='bbox 201 2099 296 2126; x_wconf 91' lang='lat' dir='ltr'>rem</span> <span class='ocrx_word' id='word_1_167' title='bbox 309 2085 512 2139; x_wconf 89' lang='lat' dir='ltr'>ejusdem</span> <span class='ocrx_word' id='word_1_168' title='bbox 530 2089 542 2106; x_wconf 89' lang='lat'>‘</span> <span class='ocrx_word' id='word_1_169' title='bbox 557 2082 693 2125; x_wconf 53' lang='lat' dir='ltr'>Dei*z</span> <span class='ocrx_word' id='word_1_170' title='bbox 715 2083 979 2133; x_wconf 87' lang='lat' dir='ltr'>Genitricis‚</span> <span class='ocrx_word' id='word_1_171' title='bbox 996 2085 1181 2125; x_wconf 91' lang='lat' dir='ltr'>tertium</span> <span class='ocrx_word' id='word_1_172' title='bbox 1200 2084 1321 2138; x_wconf 91' lang='lat' dir='ltr'>apud</span> <span class='ocrx_word' id='word_1_173' title='bbox 1337 2084 1464 2125; x_wconf 90' lang='lat' dir='ltr'>Stra-</span> 
     </span>
     <span class='ocr_line' id='line_1_28' title="bbox 200 2149 1465 2204; baseline 0 -13"><span class='ocrx_word' id='word_1_174' title='bbox 200 2151 389 2192; x_wconf 89' lang='lat' dir='ltr'>neshald</span> <span class='ocrx_word' id='word_1_175' title='bbox 411 2150 532 2204; x_wconf 88' lang='lat' dir='ltr'>quod</span> <span class='ocrx_word' id='word_1_176' title='bbox 554 2163 674 2190; x_wconf 92' lang='lat' dir='ltr'>nunc</span> <span class='ocrx_word' id='word_1_177' title='bbox 695 2149 915 2204; x_wconf 87' lang='lat' dir='ltr'>Whiteby</span> <span class='ocrx_word' id='word_1_178' title='bbox 937 2150 1210 2204; x_wconf 87' lang='lat' dir='ltr'>appellatur.</span> <span class='ocrx_word' id='word_1_179' title='bbox 1251 2150 1324 2191; x_wconf 86' lang='lat' dir='ltr'>Ex</span> <span class='ocrx_word' id='word_1_180' title='bbox 1346 2163 1465 2203; x_wconf 83' lang='lat' dir='ltr'>prae-</span> 
     </span>
     <span class='ocr_line' id='line_1_29' title="bbox 201 2215 1467 2270; baseline -0.002 -12"><span class='ocrx_word' id='word_1_181' title='bbox 201 2222 334 2270; x_wconf 91' lang='lat' dir='ltr'>cepto</span> <span class='ocrx_word' id='word_1_182' title='bbox 371 2221 524 2258; x_wconf 89' lang='lat' dir='ltr'>autem</span> <span class='ocrx_word' id='word_1_183' title='bbox 559 2216 681 2269; x_wconf 87' lang='lat' dir='ltr'>regis</span> <span class='ocrx_word' id='word_1_184' title='bbox 721 2215 943 2256; x_wconf 91' lang='lat' dir='ltr'>Willelmi</span> <span class='ocrx_word' id='word_1_185' title='bbox 977 2215 1123 2257; x_wconf 88' lang='lat' dir='ltr'>Nothi</span> <span class='ocrx_word' id='word_1_186' title='bbox 1156 2221 1467 2257; x_wconf 86' lang='lat' dir='ltr'>convenerunt</span> 
     </span>
     <span class='ocr_line' id='line_1_30' title="bbox 200 2281 1464 2336; baseline -0.002 -12"><span class='ocrx_word' id='word_1_187' title='bbox 200 2288 362 2336; x_wconf 88' lang='lat' dir='ltr'>postea</span> <span class='ocrx_word' id='word_1_188' title='bbox 397 2282 609 2324; x_wconf 88' lang='lat' dir='ltr'>monachi</span> <span class='ocrx_word' id='word_1_189' title='bbox 644 2282 691 2322; x_wconf 92' lang='lat' dir='ltr'>in</span> <span class='ocrx_word' id='word_1_190' title='bbox 729 2281 979 2331; x_wconf 92' lang='lat' dir='ltr'>Dunolmo,</span> <span class='ocrx_word' id='word_1_191' title='bbox 1009 2282 1083 2322; x_wconf 91' lang='lat' dir='ltr'>‘in</span> <span class='ocrx_word' id='word_1_192' title='bbox 1120 2294 1241 2322; x_wconf 91' lang='lat' dir='ltr'>anno</span> <span class='ocrx_word' id='word_1_193' title='bbox 1278 2282 1464 2322; x_wconf 91' lang='lat' dir='ltr'>Domini</span> 
     </span>
    </p>
   </div>
   <div class='ocr_carea' id='block_1_6' title="bbox 202 2345 1674 2425">
    <p class='ocr_par' dir='ltr' id='par_1_10' title="bbox 202 2345 1674 2425">
     <span class='ocr_line' id='line_1_31' title="bbox 202 2345 1674 2425; baseline -0.001 -37"><span class='ocrx_word' id='word_1_194' title='bbox 202 2360 318 2390; x_wconf 76' lang='lat' dir='ltr'><strong>M.Lx</strong></span> <span class='ocrx_word' id='word_1_195' title='bbox 329 2360 477 2390; x_wconf 83' lang='lat' dir='ltr'>xxm.</span> <span class='ocrx_word' id='word_1_196' title='bbox 501 2359 585 2389; x_wconf 84' lang='lat' dir='ltr'>vn.</span> <span class='ocrx_word' id='word_1_197' title='bbox 608 2347 832 2388; x_wconf 86' lang='lat' dir='ltr'>kalendas</span> <span class='ocrx_word' id='word_1_198' title='bbox 854 2347 883 2389; x_wconf 90' lang='lat' dir='ltr'><strong>J</strong></span> <span class='ocrx_word' id='word_1_199' title='bbox 888 2348 1000 2396; x_wconf 91' lang='lat' dir='ltr'>unii,</span> <span class='ocrx_word' id='word_1_200' title='bbox 1022 2347 1136 2388; x_wconf 87' lang='lat' dir='ltr'>feria</span> <span class='ocrx_word' id='word_1_201' title='bbox 1157 2345 1344 2388; x_wconf 84' lang='lat' dir='ltr'>sexta.’³</span> <span class='ocrx_word' id='word_1_202' title='bbox 1483 2367 1593 2425; x_wconf 50' lang='grc' dir='ltr'><strong>ξέῑᾱὸγ,</strong></span> <span class='ocrx_word' id='word_1_203' title='bbox 1609 2368 1674 2399; x_wconf 52' lang='lat' dir='ltr'>May</span> 
     </span>
    </p>
   </div>
   <div class='ocr_carea' id='block_1_7' title="bbox 202 2532 1469 2666">
    <p class='ocr_par' dir='ltr' id='par_1_11' title="bbox 202 2532 1469 2666">
     <span class='ocr_line' id='line_1_32' title="bbox 248 2532 1469 2567; baseline 0 -1"><span class='ocrx_word' id='word_1_204' title='bbox 248 2533 258 2553; x_wconf 87' lang='lat'>¹</span> <span class='ocrx_word' id='word_1_205' title='bbox 281 2536 426 2567; x_wconf 61' lang='grc' dir='ltr'>,ἰὼ-τον.</span> <span class='ocrx_word' id='word_1_206' title='bbox 925 2532 938 2551; x_wconf 83' lang='lat'><strong>³</strong></span> <span class='ocrx_word' id='word_1_207' title='bbox 983 2534 993 2551; x_wconf 87' lang='lat'>‘</span> <span class='ocrx_word' id='word_1_208' title='bbox 1010 2543 1097 2564; x_wconf 81' lang='lat' dir='ltr'>anno</span> <span class='ocrx_word' id='word_1_209' title='bbox 1150 2534 1279 2566; x_wconf 77' lang='lat' dir='ltr'>scilicet</span> <span class='ocrx_word' id='word_1_210' title='bbox 1330 2534 1469 2566; x_wconf 86' lang='lat' dir='ltr'>Domini</span> 
     </span>
     <span class='ocr_line' id='line_1_33' title="bbox 247 2579 1469 2622; baseline 0 -9"><span class='ocrx_word' id='word_1_211' title='bbox 247 2579 260 2598; x_wconf 79' lang='lat'><em>²</em></span> <span class='ocrx_word' id='word_1_212' title='bbox 282 2581 433 2613; x_wconf 87' lang='lat' dir='ltr'>Omitted</span> <span class='ocrx_word' id='word_1_213' title='bbox 452 2582 486 2612; x_wconf 93' lang='lat' dir='ltr'>in</span> <span class='ocrx_word' id='word_1_214' title='bbox 503 2581 602 2613; x_wconf 87' lang='lat' dir='ltr'>MSS.</span> <span class='ocrx_word' id='word_1_215' title='bbox 624 2580 817 2613; x_wconf 79' lang='lat' dir='ltr'>coll.A1-m.</span> <span class='ocrx_word' id='word_1_216' title='bbox 854 2583 1036 2612; x_wconf 58' lang='grc' dir='ltr'>ινιωυυινιο</span> <span class='ocrx_word' id='word_1_217' title='bbox 1060 2579 1226 2611; x_wconf 80' lang='lat' dir='ltr'>kalendas</span> <span class='ocrx_word' id='word_1_218' title='bbox 1251 2580 1361 2622; x_wconf 84' lang='lat' dir='ltr'>Junii,</span> <span class='ocrx_word' id='word_1_219' title='bbox 1385 2582 1469 2613; x_wconf 81' lang='lat' dir='ltr'>feria</span> 
     </span>
     <span class='ocr_line' id='line_1_34' title="bbox 202 2625 1284 2666; baseline -0.001 -6"><span class='ocrx_word' id='word_1_220' title='bbox 202 2627 268 2660; x_wconf 79' lang='lat' dir='ltr'>and</span> <span class='ocrx_word' id='word_1_221' title='bbox 285 2627 373 2660; x_wconf 82' lang='lat' dir='ltr'>eott.</span> <span class='ocrx_word' id='word_1_222' title='bbox 389 2627 463 2659; x_wconf 81' lang='lat' dir='ltr'>Tib.</span> <span class='ocrx_word' id='word_1_223' title='bbox 853 2626 994 2666; x_wconf 58' lang='lat' dir='ltr'>quintas</span> <span class='ocrx_word' id='word_1_224' title='bbox 1012 2626 1086 2657; x_wconf 89' lang='lat' dir='ltr'>MS.</span> <span class='ocrx_word' id='word_1_225' title='bbox 1104 2625 1194 2658; x_wconf 75' lang='lat' dir='ltr'>Cott.</span> <span class='ocrx_word' id='word_1_226' title='bbox 1209 2626 1284 2659; x_wconf 82' lang='lat' dir='ltr'>Tib.</span> 
     </span>
    </p>
   </div>
  </div>
 </body>
</html>
