1866 3186
204 423 302 453 chry
315 421 338 446 1.

183 455 217 480 A.
233 456 356 480 D.1100.

167 1213 316 1238 Accession
329 1214 360 1238 of

167 1246 265 1278 Henry
278 1247 300 1272 1.

165 1476 221 1502 His
238 1483 352 1502 corona·

164 1510 235 1540 tion,
245 1510 367 1542 Sunday‚

166 1543 239 1575 Aug.
258 1545 285 1569 5.

165 1810 210 1835 He
222 1811 311 1836 recals

165 1844 344 1876 Archbishop

165 1877 296 1906 Anselm;
311 1878 366 1902 and

163 1914 284 1935 restores

165 1949 250 1974 many
263 1950 313 1968 an-

163 1976 239 2001 cient
251 1975 337 2007 privi-

162 2009 247 2040 leges.

383 298 442 339 34
892 307 1165 339 canonicos

387 418 399 436 ‘
415 410 691 463 semirutis,’¹
716 412 920 454 ecclesiis
946 412 1206 463 destructis,
1233 413 1502 454 habitationi
1525 412 1643 452 fera-

387 493 487 520 rum
521 479 742 533 deputata
775 483 859 520 est.
963 479 1194 532 Regnavit
1223 480 1378 533 itaque
1411 492 1493 520 rex
1525 477 1643 519 Wil-

387 546 550 586 lelmus
592 555 694 585 X1v.
735 544 866 585 annis
898 545 1103 598 exceptis
1147 555 1330 587 xxvm.
1371 543 1561 593 diebus‚2
1601 548 1647 583 et

387 616 594 652 mortuus
641 615 740 659 est;
800 610 872 650 cui
911 610 1132 651 successit
1165 610 1322 664 junior
1361 610 1502 651 frater
1545 609 1644 663 ejus

388 677 631 718 Hem-icus.
744 675 867 717 Ante
905 681 1097 717 mortem
1134 676 1207 716 vel
1248 689 1403 717 casum
1425 675 1645 717 Willelmi

385 743 506 795 regis
542 742 735 795 contigit
768 742 814 782 in
849 755 970 795 pago
1000 743 1078 795 qui
1114 741 1472 783 Barrukeschire
1502 741 1644 781 nomi-

385 814 521 850 natur
557 808 762 849 mirabile
804 807 1046 860 quoddam,
1087 808 1205 861 quod
1245 808 1431 861 sanguis
1469 806 1641 847 scilicet

386 874 617 915 emanavit
655 887 683 914 a
717 874 915 926 quodam
956 874 1079 915 fonte
1121 874 1286 914 ibidem
1323 874 1467 914 tribus
1507 872 1646 925 septi-

385 940 532 981 manis
553 939 792 981 continuis.

593 1088 658 1128 De
677 1087 936 1129 Primordiis
954 1087 1130 1128 Hem-ici
1151 1087 1274 1142 Reqis
1285 1087 1434 1142 primi.

451 1201 586 1243 Anno
636 1202 794 1244 eodem
845 1214 940 1245 M.o.
992 1202 1227 1244 Willelmo
1276 1202 1372 1253 regi
1426 1201 1644 1242 successit

386 1268 614 1309 Henricus
645 1268 786 1310 frater
813 1269 929 1324 ejus,
965 1269 1043 1322 qui
1074 1269 1199 1310 solus
1237 1281 1265 1308 a
1291 1280 1398 1320 rege
1428 1271 1645 1308 coronato

383 1340 649 1388 procreatus
687 1339 771 1383 est,
804 1340 1049 1388 postquam
1092 1340 1224 1388 pater
1253 1334 1352 1387 ejus
1384 1333 1644 1374 Willelmus

386 1400 687 1454 Conquaestor
724 1414 912 1454 regnum
953 1400 1135 1454 Angliae
1182 1405 1228 1441 et
1270 1398 1478 1440 diadema
1514 1398 1644 1451 regni

384 1471 663 1520 susceperat.
752 1467 845 1508 Hic
876 1480 904 1508 a
936 1466 1162 1508 Mauricio
1198 1465 1504 1506 Londoniensi
1549 1465 1642 1517 epi-

384 1545 523 1586 scopo
576 1545 719 1574 nonas
759 1532 959 1586 Augusti
1009 1533 1131 1586 apud
1183 1530 1642 1573 Westmonasterium

385 1604 676 1640 consecratus
707 1603 777 1640 est
807 1599 853 1639 in
886 1610 1067 1651 regem3
1098 1598 1176 1652 qui
1206 1597 1364 1638 eodem
1393 1597 1466 1637 die
1487 1609 1642 1637 conse-

384 1665 599 1705 crationis
627 1677 723 1706 suae
751 1665 990 1706 ecclesiam
1014 1664 1103 1705 Dei
1125 1668 1348 1713 sanctam,
1369 1676 1472 1717 quae
1492 1662 1645 1703 fratris

382 1730 454 1770 sui
484 1735 688 1784 tempore
718 1731 905 1772 vendita
930 1730 1079 1771 fuerat
1109 1735 1155 1771 et
1181 1730 1239 1771 ad
1270 1729 1447 1770 firmam
1476 1729 1643 1782 posita,

382 1795 570 1837 liberam
603 1796 710 1837 fecit
745 1801 791 1837 et
821 1798 879 1838 ab
910 1796 1032 1837 omni
1061 1796 1281 1837 servitute
1305 1794 1534 1849 quietam3
1567 1807 1645 1835 ve-

382 1862 627 1903 nerabilem
648 1864 786 1903 etiam
810 1861 1076 1903 Anselmum
1099 1861 1472 1902 Cantuariensem
1496 1859 1643 1901 archi-

382 1928 660 1980 episcopum,
680 1940 814 1980 quem
852 1928 993 1968 frater
1013 1927 1112 1982 ejus
1142 1927 1425 1975 exulaverat,
1447 1939 1554 1966 mox
1585 1925 1641 1966 ad

380 1994 564 2046 propria
590 1994 836 2042 revocavit,
860 1998 905 2034 et
933 2006 1088 2034 omnes
1118 1993 1264 2034 malas
1293 1991 1642 2033 consuetudines

380 2063 427 2099 et
466 2059 661 2113 injustas
704 2059 966 2100 exactiones
1004 2060 1168 2113 quibus
1211 2057 1383 2110 Anglia
1418 2058 1642 2111 opprime-

379 2125 516 2165 batur
536 2125 718 2179 injuste,
741 2125 797 2166 de
827 2125 974 2166 medio
1002 2125 1205 2166 abstulit.
1278 2124 1447 2165 Pacem
1466 2123 1641 2164 firmam

379 2190 425 2231 in
446 2195 544 2232 toto
564 2204 704 2244 regno
728 2204 813 2232 suo
836 2193 1003 2245 posuit,
1034 2195 1081 2232 et
1106 2191 1253 2243 legem
1281 2191 1401 2243 regis
1427 2189 1641 2231 Edwardi

378 2257 587 2297 omnibus
630 2257 676 2297 in
719 2270 955 2299 commune
997 2257 1205 2306 reddidit,
1247 2270 1350 2297 cum
1390 2256 1637 2296 emendati-

378 2323 541 2363 onibus
574 2322 664 2364 illis
695 2324 859 2376 quibus
894 2336 995 2364 eam
1027 2323 1346 2364 emendaverat
1371 2327 1503 2375 pater
1526 2321 1639 2375 ejus.

379 2387 467 2429 Sed
489 2389 681 2430 forestas
707 2402 823 2443 quas
852 2389 928 2430 ille
958 2389 1193 2430 constituit
1223 2392 1296 2429 ‘et
1315 2386 1502 2429 tenuit'³
1535 2400 1641 2428 con—

426 2559 434 2578 ¹
459 2564 468 2579 ‘
482 2562 549 2594 Dei
564 2563 709 2603 dirutis,’
725 2563 798 2596 MS.
812 2563 900 2596 Cott.
913 2564 987 2597 Tib.
1023 2564 1116 2596 eides
1131 2564 1213 2596 with
1239 2564 1294 2595 the
1317 2564 1395 2595 date
1412 2564 1450 2595 of
1458 2564 1637 2595 William's

423 2609 437 2627 ²
473 2608 556 2640 This
592 2611 816 2648 computation
862 2610 900 2641 of
932 2610 988 2642 the
1023 2611 1224 2650 coronation,
1234 2620 1293 2642 nor
1305 2610 1377 2640 that
1387 2610 1425 2640 os
1432 2610 1485 2640 his
1501 2610 1637 2642 father's

375 2654 489 2694 length
506 2654 544 2685 of
554 2655 609 2687 the
624 2656 718 2695 reign
734 2656 924 2687 ofWilliam
938 2656 987 2688 11.
1023 2657 1136 2696 death,
1159 2657 1219 2687 but
1241 2656 1324 2687 fixes
1341 2655 1393 2686 his
1415 2656 1585 2687 accession
1601 2660 1636 2687 at

375 2701 404 2730 is
422 2701 584 2740 probably
599 2701 700 2732 taken
716 2702 799 2733 from
811 2702 986 2740 Hoveden3
1023 2703 1126 2733 about
1141 2702 1196 2733 the
1211 2702 1269 2733 oth
1285 2701 1322 2732 of
1333 2701 1354 2733 J
1359 2701 1416 2740 uly
1435 2704 1531 2733 1087.

374 2745 400 2776 it
425 2750 525 2785 must,
541 2746 708 2786 however,
725 2748 766 2778 be
789 2748 985 2779 considered

372 2801 453 2830 very
464 2791 631 2831 doubtful,
647 2793 697 2823 for
711 2793 737 2823 it
753 2794 882 2824 neither
896 2794 984 2824 coin·
1067 2791 1081 2811 ³
1104 2793 1255 2825 Omitted
1270 2794 1304 2824 in
1321 2793 1395 2824 MS.
1409 2793 1497 2825 Cott.
1513 2793 1588 2825 Tib.
