1866 3186
344 264 430 305 124
832 272 892 302 cn
902 270 1110 301 Romcou

152 392 300 423 uemyu.
344 390 563 427 mascum,
596 376 643 417 in
670 387 832 415 manus
870 374 1056 415 hostiles
1085 373 1320 424 inciderat,
1354 373 1602 427 Templarii

146 425 309 451 manv.
345 456 447 484 cum
483 442 758 484 Christianis
796 440 1088 480 munitionem
1133 439 1289 480 utilem
1333 439 1391 480 ad
1436 439 1601 480 vadum

343 509 492 550 Jacob
522 511 866 556 exstruxerunt,
897 518 953 546 ne
982 505 1137 546 hostes
1166 518 1195 545 a
1223 509 1353 558 parte
1380 505 1604 546 Caesareae

344 574 548 629 ejusdem
591 574 637 614 in
683 572 794 613 fines
834 571 1119 612 Christianos
1159 576 1479 612 excurrerent:
1523 571 1602 612 sed

346 640 562 682 Saraceni
601 639 729 693 prius
766 636 1117 685 dissimulantes,
1157 642 1202 678 et
1236 641 1398 690 postea
1426 642 1605 690 tempus

346 706 483 755 nacti,
539 705 835 746 munitionem
886 702 1012 744 illam
1067 700 1301 743 obsidione
1357 702 1604 755 cingentes,

348 771 563 812 adhibitis
597 769 816 811 machinis
845 768 1022 810 fortiter
1057 781 1323 821 oppugnare
1355 773 1605 821 coeperunt.

349 837 598 879 Christiani
629 849 738 877 vero
777 835 898 888 apud
933 834 1221 875 Tiberiadem
1256 834 1522 886 congregati
1555 840 1607 875 ut

349 903 631 944 obsidionem
671 900 897 950 tollerent,
935 900 994 940 ad
1027 900 1222 940 invicem
1260 904 1525 949 tractantes,
1562 905 1609 940 et

349 981 640 1022 nequaquam
663 971 813 1008 tutum
833 978 931 1007 esse
958 970 1246 1014 censuerunt,
1268 966 1455 1006 absente
1475 978 1608 1006 cruce

352 1034 553 1083 Domini,
583 1045 686 1073 cum
720 1032 927 1074 hostibus
948 1031 1186 1083 congredi3
1222 1031 1463 1072 mittuntur
1497 1044 1607 1083 ergo

350 1099 503 1140 nuncii
548 1098 578 1140 J
583 1098 900 1151 erosolymam,
944 1097 1023 1150 qui
1067 1097 1250 1150 signum
1297 1097 1497 1138 salutare
1537 1110 1608 1137 re-

351 1169 559 1218 portent:
598 1169 647 1205 at
675 1164 723 1204 in
750 1176 805 1204 ea
835 1175 963 1204 mora
992 1166 1260 1216 expugnata
1290 1168 1359 1203 est
1389 1163 1607 1214 munitio;

352 1243 445 1283 qua
474 1230 681 1271 celeriter
709 1241 885 1278 eversa,
912 1228 1054 1270 Turci
1084 1241 1188 1269 cum
1217 1228 1479 1281 ingentibus
1502 1241 1607 1281 spo-

351 1296 423 1337 liis
463 1297 695 1337 abierunt:
743 1308 825 1335 nec
859 1294 1002 1335 multo
1031 1299 1135 1347 post
1173 1293 1414 1334 Saladinus
1454 1294 1609 1335 ‘Nea-

351 1360 532 1415 polim'1
566 1366 746 1415 captam
780 1360 967 1408 evertit3
1001 1364 1061 1409 et,
1083 1359 1190 1399 dum
1224 1360 1367 1399 nostri
1397 1360 1609 1400 conveni-

352 1433 454 1469 rent
476 1432 581 1481 post
605 1427 774 1467 factam
798 1431 1014 1478 stragem,
1037 1425 1085 1466 in
1105 1425 1289 1478 propria
1310 1438 1358 1466 se
1378 1426 1580 1480 recepit.'
1595 1424 1610 1446 ²

636 1545 899 1588 Patriarcha
920 1545 1028 1586 venit
1049 1545 1095 1585 in
1116 1544 1330 1600 Anyliam.

135 1667 160 1692 Α
181 1667 205 1691 D
227 1666 292 1691 uss
422 1622 555 1664 Unde
575 1627 761 1676 propter
783 1634 945 1662 causas
968 1621 1209 1675 praedictas
1239 1622 1439 1674 generali
1461 1623 1614 1675 provi—

134 1683 302 1734 Therma
353 1689 507 1730 dentia
547 1693 773 1730 statutum
810 1692 897 1737 est,
927 1692 980 1728 ut
1016 1686 1433 1740 «ierosolymitanus
1472 1690 1614 1741 patri-

135 1742 335 1800 ἓὲῗέηῗὲἷιῖἷὲζ
354 1747 528 1804 al·cha,²3
549 1754 732 1808 petendi
748 1758 908 1794 contra
931 1753 1308 1794 immanissimum
1329 1753 1505 1795 hostem
1530 1754 1613 1795 Sa-

135 1812 165 1866 {g
176 1808 333 1866 ssi'ifeiina‘id.
354 1820 558 1861 ladinum
594 1819 755 1860 auxilii
785 1819 950 1871 gratia,
972 1819 1029 1860 ad
1069 1818 1356 1860 Christianos
1386 1820 1614 1873 principes

353 1886 401 1926 in
433 1885 664 1938 Europam
695 1885 968 1933 mitteretur,
998 1890 1044 1925 et
1073 1884 1271 1925 maxime
1302 1885 1359 1925 ad
1390 1885 1613 1926 illustrem

355 1950 611 2003 Anglorum
643 1963 813 2002 regem,
848 1949 980 2002 cujus
1014 1948 1237 1990 efficacior
1276 1955 1322 1990 et
1360 1951 1614 2003 promptior

354 2029 493 2069 opera
531 2016 818 2069 sperabatur.
889 2014 1016 2055 Idem
1056 2027 1165 2067 ergo
1210 2015 1472 2068 patriarcha
1510 2029 1613 2057 cum

354 2082 500 2123 literis
535 2081 860 2122 exhortatoriis
898 2080 1028 2121 Lucii
1060 2093 1192 2134 papae
1227 2081 1413 2122 veniens
1445 2095 1473 2122 a
1507 2095 1615 2134 rege

135 2128 327 2199 {3}2¹1⁰‚1i'c¹1us
355 2146 610 2199 Anglorum
652 2146 897 2187 honorifice
942 2151 1180 2199 susceptus
1226 2151 1311 2195 est,
1352 2153 1397 2188 et
1438 2148 1484 2188 in
1528 2148 1616 2189 fine

138 2195 257 2258 {3335
354 2213 499 2254 literae
534 2213 712 2266 papalis
749 2213 816 2253 sic
850 2212 1180 2253 continebatur.
1241 2215 1269 2234 “
1289 2212 1408 2253 Sane
1443 2214 1616 2255 recolat

354 2279 596 2332 prudentia
616 2283 697 2319 tua
717 2283 762 2318 et
782 2278 961 2318 solicita
980 2290 1132 2318 secum
1154 2277 1446 2319 meditatione
1468 2279 1617 2319 revol-

357 2349 435 2386 vat
470 2344 814 2398 promissionem
854 2343 979 2384 illam
1019 2356 1110 2396 qua
1147 2343 1202 2383 de
1241 2343 1619 2396 ‘impendendo'⁴

357 2410 512 2451 Terrae
534 2409 714 2451 Sanctae
735 2413 747 2430 ‘
762 2408 963 2449 subsidio
985 2408 1124 2449 etiam
1145 2408 1457 2450 celsitudinem
1491 2415 1617 2451 tuam

357 2472 646 2528 obligasti3'5
693 2480 739 2516 et
779 2475 846 2515 ita
881 2475 926 2514 in
964 2474 1049 2514 hac
1088 2479 1218 2527 parte
1261 2479 1306 2515 te
1345 2481 1530 2516 cautum
1573 2481 1618 2517 et

407 2606 414 2624 ¹
439 2609 449 2626 ‘
464 2607 668 2648 Neopolim,’
684 2608 757 2639 MS.
778 2608 901 2639 Lansd.
1051 2604 1065 2625 ³
1088 2607 1282 2639 Heraclius.

405 2652 418 2670 ²
441 2655 451 2671 ‘
466 2655 621 2693 Denique
637 2657 814 2694 postquam
842 2676 971 2686 ......
1050 2653 1063 2671 ⁴
1088 2654 1097 2671 ‘
1110 2650 1323 2694 impetendo,‘
1340 2654 1510 2685 Ms.coll.
1522 2654 1617 2686 Arm.

359 2700 508 2739 recepit,’
531 2699 668 2730 omitted
695 2700 728 2730 in
758 2700 858 2731 MSS.
886 2700 971 2731 Coll.
1053 2696 1067 2715 ⁵
1087 2699 1097 2716 ‘
1122 2700 1282 2738 praesidio
1316 2703 1406 2730 tuam
1446 2699 1618 2731 celsitudi-

360 2746 453 2775 Arm.
469 2745 534 2775 and
552 2745 641 2776 Cott.
658 2746 734 2777 Tib.
1009 2754 1081 2775 nem
1098 2744 1280 2784 obligasti‚’
1298 2745 1373 2776 MS.
1391 2745 1514 2777 Lansd.
