1866 3186
414 295 499 338 108
903 304 1180 338 onnomcoN

221 417 375 475 ffess¹y11¹7¹4
411 411 657 463 sexaginta
686 410 844 463 procul
873 410 922 451 in
952 410 1126 463 campis
1155 414 1374 462 tanquam
1404 419 1591 449 securus
1621 410 1668 447 et

378 468 385 476 ’
414 476 523 516 nihil
581 476 668 516 sibi
722 481 944 522 metuens,
986 475 1284 527 irruptionem
1335 478 1593 514 nostrorum
1643 485 1672 513 a

410 545 563 581 castro
597 541 890 589 observabat,
915 540 1214 580 barbarorum
1248 538 1536 579 multitudine
1567 550 1670 578 cum

410 610 540 658 parte
579 605 812 658 equitatus
861 604 918 645 ad
959 604 1138 657 praedas
1178 604 1271 644 late
1311 603 1545 655 dispersa:
1593 603 1672 655 qui

409 670 621 710 nimirum
644 670 812 711 nostris
834 669 1107 722 conspectis,
1133 669 1280 721 primo
1301 667 1481 720 quidem
1506 680 1584 708 eos
1615 667 1671 708 de

379 780 382 782 ,
409 735 504 775 suis
525 748 553 775 a
573 735 730 787 praeda
748 734 1044 775 redeuntibus
1060 746 1160 774 esse
1179 738 1307 774 ratus
1329 737 1427 780 est;
1460 732 1539 772 sed
1560 745 1669 773 mox

410 799 593 840 vexillis
636 804 895 840 nostrorum
935 803 1070 840 caute
1115 799 1302 848 notatis,
1345 803 1455 838 tunc
1485 796 1668 838 demum

412 864 644 905 intellexit
674 869 858 905 nostros
885 864 983 917 jam
1019 876 1155 904 ausos
1179 863 1302 915 quod
1323 862 1446 915 ipsos
1468 875 1550 903 nec
1571 875 1672 903 sus—

410 929 555 981 -picari
577 930 729 982 potuit
752 941 852 969 esse
876 941 1098 978 ausuros;
1130 940 1184 969 ac
1215 932 1311 968 tum
1333 940 1422 968 non
1446 933 1517 968 est
1540 928 1671 968 terri-

413 999 505 1043 tuS,
519 993 598 1034 sed
620 1007 730 1034 mox
745 997 758 1015 ‘
776 993 1000 1034 ferociter’
1012 992 1024 1014 ¹
1039 1005 1166 1034 arma
1183 992 1461 1042 concutiens,
1475 1005 1673 1046 suosque

413 1059 552 1099 verbo
575 1058 710 1099 simul
744 1063 790 1099 et
825 1057 1038 1111 exemplo
1056 1057 1323 1107 accendens,
1348 1060 1377 1078 “
1396 1056 1586 1107 Modo,'’
1605 1058 1672 1098 in-

413 1123 529 1175 quit,
554 1126 585 1145 “
600 1123 840 1176 apparebit
870 1124 972 1175 quis
1003 1123 1132 1163 miles
1153 1135 1252 1163 esse
1276 1121 1499 1163 noverit.”
1570 1121 1673 1163 Pri-

413 1184 607 1241 musque
629 1188 676 1228 in
708 1188 903 1237 hostem,
928 1188 1225 1240 sequentibus
1261 1187 1453 1236 caeteris,
1483 1187 1675 1237 irruens,

411 1265 523 1293 -mox
547 1266 575 1294 a
595 1248 763 1294 nostris
779 1253 1023 1306 excipitur,
1045 1258 1184 1305 atque
1205 1252 1445 1293 interfecto
1469 1251 1674 1305 dejectus

201 1335 392 1361 andistaken
411 1330 535 1370 >equo
566 1331 669 1358 cum
689 1318 783 1359 fere
818 1323 917 1359 tota
948 1322 1100 1358 turma
1133 1330 1218 1358 sua
1249 1318 1453 1370 capitum
1488 1317 1674 1370 quidam

200 1368 385 1439 ffiffiffiff'ff„
418 1384 553 1424 etiam
577 1384 654 1436 qui
679 1389 786 1424 tunc
803 1382 918 1423 forte
939 1383 1142 1432 aberant,
1165 1382 1244 1423 sed
1268 1395 1358 1423 non
1378 1382 1513 1434 longe
1526 1388 1673 1433 erant,

204 1432 355 1460 ‘namuh‘
417 1449 578 1501 agnito
619 1448 742 1501 quod
782 1448 1026 1497 acciderat,
1062 1460 1171 1488 mox
1209 1460 1345 1488 cursu
1387 1447 1674 1499 rapidissimo

419 1512 661 1561 affuerunt,
685 1517 823 1565 atque
846 1514 894 1553 in
916 1525 1077 1553 manus
1101 1513 1299 1554 hostium
1335 1513 1594 1564 ingerentes
1625 1527 1674 1554 se

417 1579 572 1630 potius
616 1591 754 1631 quam
784 1578 1048 1627 incidentes,
1078 1577 1303 1618 dominico
1344 1577 1675 1620 communicare

411 1643 622 1695 periculo
653 1643 892 1684 honestum
923 1642 1225 1684 crediderunt.
1295 1642 1440 1683 Porro
1462 1642 1677 1695 Rogerus

412 1707 474 1748 -de
490 1712 503 1730 ‘
521 1708 567 1748 M
573 1706 806 1762 oubray,’2
827 1709 905 1761 qui
924 1708 1089 1749 ibidem
1106 1713 1214 1749 tunc
1229 1707 1401 1757 aderat,
1419 1720 1526 1760 rege
1539 1714 1675 1761 capto

419 1773 605 1826 elapsus
645 1773 808 1823 evasit,
844 1773 1105 1826 refugitque
1142 1775 1188 1814 in
1227 1773 1442 1814 Scotiam.
1514 1773 1676 1815 Nostri

420 1851 529 1878 vero
554 1851 764 1891 proceres
785 1839 981 1879 nobilem
1007 1851 1110 1879 cum
1132 1838 1299 1891 gaudio
1323 1837 1522 1891 praedam
1548 1851 1675 1880 reve-

418 1902 592 1952 hentes,
637 1903 886 1944 Castellum
921 1903 1124 1952 Novum,
1159 1903 1279 1943 unde
1322 1916 1454 1943 mane
1484 1903 1676 1955 digressi

417 1967 614 2017 fuerant,
634 1981 825 2020 vespere
846 1968 1091 2008 redierunt.
1163 1967 1356 2008 Gestum
1378 1973 1448 2009 est
1466 1967 1552 2008 hoc
1576 1969 1675 2010 feli-

417 2033 531 2073 citer
547 2033 648 2074 Deo
668 2033 865 2086 propitio
883 2045 1002 2073 anno
1023 2033 1166 2086 ipsius
1197 2033 1382 2074 Domini
1404 2043 1675 2083 M.cnxxlv„

201 2125 346 2156 satum„
418 2098 553 2139 tertio
573 2098 674 2139 idus
690 2098 719 2140 J
723 2098 818 2147 ulii,
840 2098 886 2138 in
909 2099 1115 2140 sabbato.
1170 2098 1314 2150 Regis
1337 2111 1447 2150 ergo
1465 2099 1676 2152 captione

201 2157 269 2189 '¹¹¹³'
283 2159 324 2183 ¹³·
418 2169 665 2216 comperta,
689 2163 871 2204 barbari
901 2164 1047 2216 primo
1078 2164 1263 2204 attoniti
1293 2175 1320 2204 a
1355 2164 1519 2216 praedis
1540 2164 1676 2205 desti—

418 2233 574 2269 terunt
596 2242 606 2270 :
651 2228 729 2269 sed
775 2229 865 2269 cito
905 2234 1011 2282 post
1064 2233 1283 2281 tanquam
1325 2228 1453 2269 furiis
1497 2229 1678 2281 agitati,

417 2292 584 2334 ferrum
605 2298 766 2335 contra
786 2293 941 2335 hostes
962 2299 1195 2347 sumptum
1218 2295 1263 2334 in
1285 2294 1460 2347 seipsos
1484 2294 1679 2335 finaliter

414 2363 683 2410 -verterunt3
719 2359 971 2400 interfectis
1002 2359 1277 2412 quibusdam
1307 2359 1433 2411 prius
1470 2357 1679 2411 Anglicis

417 2424 496 2476 qui
521 2425 640 2466 inter
668 2437 747 2465 eos
781 2424 1109 2465 habitationem
1139 2423 1387 2476 elegerant,
1409 2429 1455 2465 et
1485 2437 1677 2478 quorum

416 2501 585 2542 magna
613 2502 721 2543 pars
752 2489 799 2530 in
819 2502 974 2530 eorum
996 2489 1201 2530 exercitu
1224 2489 1388 2539 fuerat,
1414 2490 1678 2542 refugienti-

416 2554 501 2594 bus
545 2559 697 2595 tamen
740 2554 787 2594 in
830 2555 1103 2596 munitiones
1150 2555 1301 2607 regias
1340 2555 1566 2608 aliquibus
1597 2556 1675 2609 qui

463 2703 470 2721 ¹
496 2703 505 2720 ‘
520 2700 725 2742 ferventius:
743 2703 817 2734 MS.
830 2702 918 2734 Cott.
933 2703 1028 2741 Tib.;
1109 2700 1122 2719 ²
1144 2702 1153 2719 ‘
1166 2700 1329 2741 Mulsay,’
1353 2703 1455 2735 MSS.
1472 2703 1559 2735 Coll.
1582 2704 1679 2736 Arm.

419 2748 527 2779 ‘illico
542 2745 720 2787 velociter,’
735 2749 811 2780 MS.
829 2748 951 2780 Lansd.
1062 2748 1128 2779 and
1144 2748 1233 2780 Cott.
1247 2748 1322 2779 Tib.
