1866 3186
404 311 463 353 98
900 320 1178 352 cunomcon

209 434 366 492 ἑῐεὸπζῦῐὸ
407 437 520 475 suae,
548 424 707 467 accitis
741 429 802 465 ex
836 422 1011 477 Anglia
1033 424 1144 465 viris
1170 423 1326 478 inopia
1350 422 1665 465 laborantibus

235 485 242 492 ’
281 486 287 492 ’
365 485 372 492 ’
407 495 454 532 et
473 490 590 532 lucri
609 489 800 542 cupidis,
820 488 943 530 vires
962 488 1185 541 paulatim
1207 493 1459 530 auxerunt:
1491 492 1538 529 et
1559 487 1669 540 quia

407 554 609 596 nondum
646 554 877 596 habebant
904 554 1140 607 propriu-m
1170 554 1436 607 principem,
1467 565 1552 594 nec
1581 565 1665 606 pro

407 624 514 662 voto
552 623 803 673 pastorem,
834 622 849 640 ‘
866 617 1191 660 accersierunt'
1208 617 1222 640 ¹
1252 631 1312 659 ex
1346 617 1519 670 Anglia
1548 630 1666 670 prae-

406 684 647 726 ficiendum
675 684 763 726 sibi
785 683 934 725 virum
957 683 1155 724 nobilem
1183 687 1230 724 et
1251 687 1502 736 potentem,
1523 682 1663 723 comi-

193 769 318 795 mcham
329 769 364 794 «ιο
410 754 500 790 tem
532 749 707 791 scilicet
729 752 742 771 ‘
759 742 1174 800 Ricardum‚’²'quj
1200 760 1304 789 cum
1325 752 1448 788 esset
1476 759 1666 799 magna-

191 802 366 860 fcffiffessffi,
410 814 560 854 nimus
587 818 633 855 et
662 826 803 867 supra
825 813 947 854 vires
977 813 1025 853 in
1056 825 1363 866 expensarum
1386 811 1667 866 profusione,

409 879 651 932 profugus,
679 878 1064 931 amplissimisque
1090 877 1341 919 redditibus
1372 880 1670 925 extenuatus,

409 949 457 985 et
484 944 785 985 creditoribus
812 943 1054 992 obnoxius,
1084 942 1265 984 facilius
1295 942 1559 995 adquievit;
1592 953 1668 982 ar-

410 1014 638 1050 matorum
658 1021 769 1064 ergo
793 1007 1018 1061 juvenum
1046 1007 1243 1060 plurima
1262 1006 1508 1060 validaque
1530 1019 1669 1047 manu

409 1077 665 1122 contracta,
686 1073 880 1113 classem
900 1085 1114 1124 magnam
1135 1071 1515 1113 transfretaturus
1535 1083 1671 1124 para-

194 1151 255 1176 τηε
266 1150 346 1189 szng
409 1138 504 1179 bat.
558 1136 766 1191 Cumque
787 1141 908 1178 esset
929 1142 1122 1190 paratus
1143 1137 1202 1177 ad
1224 1137 1325 1186 iter,
1346 1136 1574 1178 affuerunt
1592 1136 1671 1189 qui

193 1183 394 1248 {issffitffiss
411 1215 471 1243 ex
505 1208 637 1256 parte
669 1202 791 1255 regis
815 1201 1007 1243 Henrici
1041 1201 1460 1243 transfretationem
1494 1201 1670 1242 inhibe-

413 1272 540 1319 rent3
579 1267 657 1308 ille
685 1279 795 1308 vero
826 1266 1014 1320 majoris
1040 1266 1226 1308 honoris
1253 1266 1445 1320 cupidus
1473 1279 1566 1307 non
1594 1266 1672 1307 ad-

413 1333 605 1386 quievit,
658 1332 739 1373 sed
793 1331 1109 1381 transfretans,
1153 1332 1475 1385 praestolantes
1518 1331 1669 1372 socios

413 1402 574 1450 optato
605 1396 860 1438 laetificavit
892 1396 1108 1438 adventu.
1178 1396 1209 1437 J
1213 1396 1362 1438 unctis
1386 1409 1496 1437 mox
1525 1396 1668 1449 copiis

192 1477 315 1510 eapture
326 1477 358 1502 or
410 1462 667 1503 vehementi
686 1462 860 1514 impetu
878 1461 1011 1502 irruit
1028 1473 1166 1515 super
1181 1461 1490 1515 Dyvelynum,
1510 1461 1666 1502 urbem

192 1509 308 1535 Dumn'
408 1527 699 1576 maritimam,
721 1531 980 1567 nostrarum
1006 1527 1138 1578 quasi
1161 1525 1501 1567 Londoniarum
1523 1538 1665 1566 aemu-

407 1591 526 1639 lam;
586 1604 679 1645 qua
728 1590 907 1632 fortiter
957 1591 1255 1644 celeriterque
1304 1595 1574 1644 expugnata
1622 1596 1669 1632 et

409 1661 561 1710 capta,
597 1655 818 1709 plurimos
853 1656 992 1696 etiam
1023 1655 1205 1708 longius
1236 1656 1411 1709 positos
1435 1660 1559 1696 metu
1584 1668 1669 1697 suo

410 1722 592 1762 territos
621 1721 669 1761 in
694 1720 845 1761 foedus
869 1720 1023 1762 venire
1052 1721 1230 1772 coegit:
1262 1720 1504 1761 insistebat
1533 1720 1668 1762 finiti-

408 1786 509 1836 mis,
533 1785 889 1831 dominationem
918 1785 1142 1838 paulatim
1169 1785 1460 1838 protendens,
1482 1790 1528 1826 et
1553 1785 1666 1827 locis

407 1851 645 1903 oportunis
666 1850 941 1891 munitiones
965 1854 1247 1891 construens.
1303 1849 1450 1891 Porro
1471 1850 1668 1892 nationis

405 1915 613 1956 barbarae
635 1914 831 1967 gratiam
866 1927 947 1967 per
970 1913 1238 1955 affinitatem
1271 1914 1506 1964 affectans,
1526 1914 1667 1956 foede-

405 1980 494 2020 rati
531 1979 653 2031 regis
683 1978 823 2019 filiam
868 1990 1060 2019 uxorem
1101 1979 1292 2031 accepit,
1330 1991 1499 2031 magna
1537 1980 1667 2032 regni

395 2038 536 2096 'parte
567 2043 749 2084 nomine
783 2042 870 2083 sibi
902 2043 1021 2084 dotis
1057 2042 1191 2084 data:
1235 2043 1368 2097 cujus
1400 2048 1495 2084 tam
1524 2043 1666 2086 fausti

403 2119 641 2148 successus
671 2120 773 2148 cum
804 2108 901 2159 regi
929 2107 1236 2148 innotuissent
1262 2107 1534 2160 Anglorum,
1566 2123 1664 2151 mo-

402 2177 478 2212 tus
508 2176 579 2213 est
609 2185 708 2221 rex,
740 2185 794 2213 eo
825 2171 949 2225 quod
984 2185 1076 2213 non
1112 2172 1261 2213 solum
1290 2172 1551 2215 inconsulto
1581 2174 1662 2216 sed

401 2228 537 2277 etiam
562 2237 663 2289 ipso
692 2236 923 2277 inhibente
950 2249 1045 2277 rem
1075 2241 1253 2278 tantam
1281 2237 1444 2279 fuisset
1474 2251 1662 2292 aggres-

400 2314 496 2351 sus,
518 2306 564 2342 et
586 2305 730 2342 tantae
753 2300 1072 2353 adquisitionis
1104 2301 1299 2353 gloriam
1325 2302 1412 2343 sibi
1440 2307 1661 2356 tanquam

399 2365 679 2418 praecellenti
706 2365 1005 2418 ascripsisset.
1078 2365 1192 2407 Mox
1216 2379 1349 2407 omne
1371 2366 1472 2421 ejus
1492 2368 1540 2408 in
1560 2367 1661 2409 An-

446 2534 454 2553 ¹
481 2533 584 2565 MSS.
607 2533 694 2565 Coll.
714 2533 809 2565 Arm.
831 2533 898 2564 and
920 2532 1008 2565 Cott.
1046 2533 1167 2564 named
1192 2533 1401 2574 Stmngbow,
1416 2545 1488 2567 was
1509 2539 1566 2567 not
1585 2546 1661 2576 pre-

395 2579 470 2611 Tib.
480 2579 561 2610 read
576 2579 586 2597 ‘
599 2575 836 2610 accesserunt!
1044 2579 1147 2617 pared
1163 2578 1215 2610 for
1232 2579 1288 2610 the
1309 2581 1501 2619 expedition
1523 2591 1561 2613 as
1578 2591 1659 2613 soon

1043 2633 1081 2654 as
1098 2623 1347 2665 Fitz-Stephen‚
1366 2626 1433 2657 and
1453 2626 1512 2657 did
1533 2630 1591 2657 not
1604 2637 1658 2658 ar-

440 2669 453 2688 ²
468 2667 1008 2700 MS.Lansd.reads‘Richemun-
1042 2669 1112 2700 rive
1142 2670 1194 2700 till
1223 2669 1309 2701 after
1337 2670 1393 2702 the
1422 2671 1593 2703 reduction
1624 2673 1663 2704 of

390 2711 672 2746 diaeRicardum.'
688 2713 836 2744 Richard
845 2713 1009 2754 demate,
1042 2714 1201 2745 Wexford
1223 2714 1288 2745 and
1317 2715 1373 2746 the
1401 2716 1600 2748 submission
1624 2718 1663 2748 of

390 2759 512 2789 second
540 2759 620 2789 Earl
643 2758 681 2790 of
702 2758 905 2798 Pembroke‚
928 2767 1002 2790 sur·
1039 2759 1094 2790 the
1111 2759 1204 2798 King
1218 2760 1256 2790 of
1267 2759 1407 2800 Ossory.
