1866 3186
467 260 691 292 WAnTmu
727 262 786 292 nn
818 262 1191 294 REMINGBURGH.
1369 252 1453 294 201

273 447 475 499 Quomodo
496 447 695 491 liberatus
715 462 744 490 a
769 448 941 490 Oaroere
961 449 1070 491 venit
1088 449 1136 491 in
1155 448 1372 506 Anqliam.

262 561 413 615 Igitur
442 577 525 605 rex
549 563 805 618 Anglorum
834 568 938 618 post
968 563 1281 607 Alemannicae
1303 565 1455 607 deten-

194 628 330 669 tionis
351 629 536 671 taedium
557 631 678 684 quod
693 630 790 686 jam
808 643 976 672 annum
1001 636 1278 681 excesserat,
1301 645 1457 674 mense

194 694 378 736 tandem
421 695 449 737 J
456 697 644 738 anuario
686 697 948 738 solemniter
984 696 1223 750 relaxatus
1264 702 1363 749 est;
1410 703 1456 740 et

194 761 352 802 statim
386 766 570 815 portum
604 763 684 816 qui
721 761 914 816 Swyna¹
946 761 1114 804 dicitur
1133 762 1262 813 adiit,
1282 763 1387 804 inde
1410 764 1456 805 in

194 839 385 879 regnum
439 828 674 882 proprium
730 828 833 870 Deo
891 828 1092 882 propitio
1160 829 1454 873 transiturus.

196 896 209 914 ‘
225 892 432 947 Cumque
470 894 637 936 ibidem
672 894 876 936 diuscule
899 894 1126 935 demorari
1165 894 1457 948 cogeretur,'²

195 958 292 1000 sive
330 961 575 1002 necessarii
608 966 858 1015 apparatus
896 964 908 982 ‘
929 959 1140 1014 gratia,'³
1178 961 1276 1003 sive
1316 963 1456 1004 etiam

195 1030 382 1078 propter
426 1026 563 1067 flatus
602 1027 837 1076 adversos,
879 1026 1070 1068 indultae
1106 1027 1147 1068 ei
1190 1028 1370 1082 gratiae,
1405 1034 1458 1070 ut

197 1090 376 1141 dicitur,
427 1092 748 1146 imperatorem
807 1093 1036 1147 poenituit,
1096 1098 1144 1136 et
1194 1094 1456 1136 relaxatum

197 1157 255 1197 ad
302 1162 569 1211 perpetuam
619 1157 951 1201 ‘custodiam’⁴
1009 1172 1228 1202 revocare
1276 1161 1456 1214 cogita-

197 1223 279 1264 vit.
350 1223 560 1271 Perfidus
603 1238 800 1280 namque
841 1226 1090 1279 imperator
1127 1230 1173 1268 et
1212 1225 1456 1268 Alemanni

195 1288 431 1330 instabiles
490 1290 773 1333 conferentes
837 1292 895 1333 ad
957 1291 1154 1333 invicem
1203 1293 1454 1335 dixerunt:

196 1357 226 1376 “
244 1354 412 1405 Quid?
435 1356 664 1409 inquiunt,
689 1361 719 1381 “
735 1357 946 1400 fecimus!
972 1358 1232 1400 emittentes
1253 1359 1312 1400 ad
1334 1360 1456 1401 orbis

194 1421 446 1474 periculum
477 1423 699 1464 tremendi
733 1424 910 1465 roboris
933 1429 979 1465 et
999 1424 1188 1466 saevitiae
1209 1425 1458 1478 singularis

196 1492 472 1540 tyrannum:
505 1502 615 1542 ergo
646 1489 866 1532 velociter
895 1494 1135 1532 revocetur
1169 1491 1228 1532 ad
1257 1491 1457 1542 vincula,

196 1565 288 1593 non
305 1553 581 1596 relaxandus
600 1555 646 1597 in
668 1556 870 1597 secula.''
931 1555 1050 1608 Quae
1070 1557 1253 1610 quidem
1275 1570 1348 1599 res
1367 1571 1458 1599 non

197 1618 334 1660 latuit
371 1621 597 1672 quendam
641 1622 763 1675 regis
807 1622 997 1663 Ricardi
1037 1623 1322 1674 benevolum,
1364 1624 1458 1677 qui,

198 1684 414 1727 festinato
435 1687 599 1728 nuncio
620 1687 763 1728 eidem
787 1687 1022 1738 mittendo,
1035 1688 1265 1730 consuluit
1282 1695 1334 1731 ut
1355 1702 1458 1731 con-

199 1750 349 1792 festim
400 1765 565 1794 navem
609 1753 874 1803 ascendens,
916 1766 966 1795 se
1017 1754 1171 1811 potius
1222 1754 1459 1797 elementis

200 1830 337 1870 quam
360 1817 511 1860 infidis
532 1818 788 1861 hominibus
810 1819 1030 1870 crederet,
1051 1820 1174 1874 quod
1197 1825 1246 1862 et
1286 1820 1460 1863 factum

200 1889 271 1925 est
306 1888 398 1925 tam
435 1884 570 1926 celeri
606 1898 744 1940 quam
779 1891 826 1927 et
863 1885 1037 1927 salubri
1073 1886 1270 1928 cautela.
1342 1887 1460 1929 Mox

200 1953 213 1971 ‘
226 1948 551 2003 imperatorii’⁵
566 1952 853 2006 apparitores
873 1951 1058 2002 affuere,
1079 1957 1126 1994 et
1146 1966 1250 1994 eum
1265 1952 1310 1994 in
1333 1954 1461 1996 arido

200 2028 289 2056 non
333 2017 570 2059 inventum
618 2032 699 2072 per
739 2018 963 2072 liquidum
1004 2020 1136 2073 sequi
1179 2019 1458 2062 timuerunt:

200 2081 313 2122 talia
328 2082 592 2136 imperatori
605 2085 942 2134 renunciantes,
960 2085 1199 2126 confestim
1211 2086 1462 2139 imperator

200 2148 481 2200 praecipitem
504 2149 643 2190 animi
674 2150 745 2190 sui
778 2155 949 2191 motum
974 2151 1020 2190 in
1043 2151 1257 2192 innoxios
1281 2152 1461 2194 obsides

200 2214 451 2264 transtulit,
473 2219 518 2255 et
540 2228 655 2268 quos
685 2216 811 2269 prius
841 2215 1153 2269 indulgentius
1183 2217 1461 2271 liberiusque

200 2278 376 2329 habuit,
398 2280 583 2322 arctiori
591 2281 690 2335 jam
711 2281 922 2323 custodia
943 2276 1263 2335 ‘castigavit.'⁶
1314 2281 1460 2324 Porro

201 2358 353 2397 regem
378 2344 632 2399 Anglorum
658 2347 845 2389 secundi
879 2347 1016 2389 flatus
1051 2348 1348 2400 excipientes,
1370 2348 1460 2389 sal-

201 2424 307 2451 vum
332 2417 470 2465 atque
493 2413 764 2455 incolumem
790 2427 892 2455 cum
917 2413 1038 2455 omni
1072 2414 1292 2455 comitatu
1320 2427 1462 2467 regno

251 2520 258 2538 ¹
285 2517 445 2558 Richard,
458 2529 500 2549 on
517 2519 685 2559 receiving
701 2519 756 2550 the
767 2520 816 2550 in-
899 2516 912 2535 ³
934 2519 942 2536 ‘
961 2519 1172 2559 providentia
1262 2519 1463 2559 reparandi‚’

204 2565 394 2605 telligence,
415 2565 643 2604 immediately
661 2565 816 2596 embark·
855 2565 954 2597 MSS.
971 2565 1058 2597 Coll.
1076 2565 1170 2597 Arm.
1188 2565 1255 2596 and
1271 2565 1359 2597 Cott.
1375 2565 1451 2598 Tib.

202 2612 245 2643 ed
261 2616 296 2643 at
311 2613 486 2651 Autwerp,
504 2612 537 2642 in
553 2611 608 2642 the
624 2612 733 2642 vessel
749 2611 817 2642 osa
899 2611 911 2629 ⁴
936 2611 1088 2642 Omitted
1104 2612 1138 2642 in
1156 2611 1232 2642 MS.
1245 2611 1333 2642 Coll.
1350 2612 1463 2651 Arm.;

205 2659 353 2689 Nou-man
378 2658 549 2689 merchant
571 2658 690 2689 named
714 2658 816 2689 Alain
851 2657 1119 2697 ‘detentionemf
1138 2656 1311 2690 MS.Cott.
1323 2658 1401 2690 Tib.

202 2704 436 2736 Tranchemer.
897 2701 910 2721 ⁶
933 2706 943 2721 ⁴
957 2702 1113 2744 imperii,'
1131 2704 1206 2735 MS.
1224 2704 1347 2735 Lansd.

254 2749 266 2767 '⁴'
287 2750 440 2782 Inserted
457 2750 538 2781 from
558 2750 630 2781 MS.
652 2750 774 2781 Lansd.
830 2773 833 2778 .
897 2746 909 2765 ⁶
933 2752 942 2768 ⁴
957 2750 1185 2790 mancipavit,'
1207 2750 1281 2782 MS.
1301 2750 1426 2782 Lansd.

1491 377 1614 403 Richard
1627 377 1652 402 1.

1489 411 1524 437 A.
1538 411 1572 436 D.
1588 411 1662 436 1194.

1471 576 1533 602 The
1544 575 1622 608 King
1633 575 1658 602 is

1471 609 1606 636 releued.

1475 1702 1522 1727 He
1537 1703 1594 1727 sets
1607 1702 1661 1727 sail

1474 1736 1518 1761 for
1530 1735 1670 1767 England,
