1866 3186
454 283 680 315 WAL'rnm
713 283 775 313 ΒΕ
805 282 1183 314 nssmmcnunen.
1357 271 1444 313 203

179 381 331 432 doniis¹
347 388 486 439 facta,
519 386 807 441 Notingham
826 387 1020 429 festinus
1041 387 1300 430 contendit:
1330 387 1442 429 illud
1487 395 1644 457 mgnum}

180 457 299 498 enim
330 461 531 497 castrum
563 467 646 509 per
677 453 902 508 quosdam
936 453 1218 495 ‘Iohannis’
1235 453 1247 475 ¹
1286 454 1443 496 fratris
1461 433 1523 514 Τῒο
1534 447 1650 512 cJussss'

182 523 254 565 sui
277 522 510 563 ministros
533 525 546 543 ‘
560 525 721 562 contra
743 520 918 573 regem'
931 518 947 541 2
968 521 1225 562 tenebatur.
1268 519 1444 563 Verum
1461 522 1493 547 οἱ
1502 520 1635 551 Nottinz-

1579 553 1598 577 d

183 601 286 631 cum
320 601 420 639 rex,
443 588 522 642 qui
543 600 572 628 a
594 586 833 628 malevolis
854 598 1086 640 nunquam
1109 586 1339 628 rediturus
1359 599 1443 640 pu·
1462 555 1657 614 'iffiffimr-

184 656 386 704 tabatur,
428 654 695 708 repentinus
737 651 932 703 adesset,
966 653 1034 693 ita
1066 652 1297 706 perstricti
1338 657 1447 694 sunt
1461 621 1573 647 maen

185 733 343 763 omnes
364 720 443 774 qui
463 720 511 761 in
534 719 784 760 munitione
813 723 960 767 erant,
981 724 1029 760 et
1052 718 1216 760 animis
1244 723 1449 760 conster-

185 787 295 835 nati,
318 791 372 828 ut
411 787 531 828 sicut
559 781 661 827 fluit
693 797 800 825 cera
831 797 860 825 a
888 783 1006 825 facie
1041 784 1163 838 ignis
1193 783 1259 825 sic
1289 782 1447 825 eorum

186 853 331 895 omnis
351 852 520 894 fiducia
549 864 578 893 a
606 851 724 892 facie
744 850 876 904 quasi
899 849 1100 904 gigantis
1123 850 1274 891 subito
1305 862 1447 904 appa-

185 918 327 960 rentis
373 918 673 971 liquesceret:
720 929 916 970 cumque
953 916 1078 970 apud
1117 916 1448 958 ferocissimum

186 985 435 1039 principem
447 984 687 1026 honestam
703 995 795 1024 non
811 987 1001 1037 possent
1015 983 1212 1036 gratiam
1228 983 1448 1032 invenire,

187 1051 420 1104 resignato
442 1055 594 1092 castro
631 1062 736 1091 cum
765 1049 889 1090 omni
926 1053 1161 1091 armatura
1193 1049 1449 1091 misericor-

190 1117 277 1159 diae
299 1117 439 1170 regiae
460 1121 473 1139 ‘
487 1114 580 1158 et’³
602 1116 788 1157 incertae
818 1128 1014 1169 corpora
1036 1127 1123 1157 sua
1150 1114 1451 1157 tradiderunt.

191 1183 321 1225 Idem
345 1182 494 1224 foedus
515 1187 562 1224 et
582 1182 660 1224 alii
679 1181 759 1235 qui
778 1186 979 1223 castrum
1002 1181 1059 1222 de
1088 1180 1263 1222 Tikhill
1293 1186 1453 1224 contra

190 1262 342 1303 regem
366 1253 612 1290 tenuerunt
630 1247 946 1301 implorantes,
975 1247 1115 1301 regiae
1151 1252 1328 1290 tantum
1361 1248 1454 1290 cle-

189 1315 371 1357 mentiae
391 1328 442 1356 se
463 1314 784 1355 submiserunt.

314 1460 590 1516 Abjudioavit
612 1461 704 1503 Rex
722 1461 924 1503 Fratrem
947 1474 1066 1503 suum
1084 1460 1328 1503 Johannem.

261 1559 373 1601 Istis
404 1572 514 1612 ergo
538 1559 702 1601 castris
736 1559 802 1600 sic
826 1560 1065 1613 possessis,
1100 1559 1338 1602 confestim
1370 1559 1400 1601 J
1404 1572 1454 1601 o-

193 1626 335 1667 hanni
369 1625 499 1666 fratri
530 1638 630 1675 suo,
666 1625 745 1678 qui
776 1630 937 1666 contra
959 1637 1009 1667 se
1032 1638 1206 1667 cornua
1227 1630 1454 1675 erexerat,

195 1693 253 1734 ob
270 1704 498 1734 enormem
518 1691 702 1745 culpam
719 1690 1062 1744 ingratitudinis
1081 1696 1220 1745 atque
1238 1691 1456 1746 perfidiae,

196 1772 328 1800 omne
363 1756 509 1812 ‘jus'³
557 1757 800 1811 pristinum
841 1762 888 1799 et
924 1756 1142 1799 honorem
1184 1758 1457 1811 impensum,

195 1837 437 1878 procerum
474 1836 664 1865 suorum
693 1822 887 1864 solemni
916 1822 1109 1878 judicio,
1141 1823 1454 1879 abjudicavit3

197 1897 243 1932 et
255 1891 348 1933 cito
369 1893 380 1912 ‘
394 1887 542 1944 post'⁴
566 1888 713 1932 omnis
734 1894 888 1931 motus
908 1888 1088 1931 hostilis
1104 1890 1152 1931 in
1166 1889 1339 1944 Anglia
1350 1902 1458 1932 con-

196 1956 385 2010 quievit.
456 1955 564 2006 His,
596 1955 698 1998 Deo
730 1955 942 2010 propitio,
966 1955 1159 1998 feliciter
1186 1956 1346 2009 gestis,
1377 1968 1460 1997 rex

195 2022 529 2064 solemnitatem
565 2021 838 2063 Paschalem
869 2022 1155 2075 Hamptonae
1185 2035 1291 2064 cum
1314 2021 1461 2063 multa

197 2089 361 2130 laetitia
395 2087 659 2136 celebravit,
695 2092 742 2128 et
780 2088 829 2128 in
872 2089 1049 2129 octavis
1090 2088 1285 2130 Paschae
1328 2087 1662 2140 Win-1·1.,1;11„31s

198 2154 337 2195 toniae
366 2157 379 2175 ‘
396 2151 572 2206 regni’³
603 2152 861 2194 diademate
891 2153 1108 2206 fulgidus,
1143 2154 1324 2196 detersa
1355 2166 1463 2207 cap-
1476 2141 1665 2202 ξῗξῧῗζῗὲζῖ-

199 2219 394 2261 tivitatis
414 2218 683 2271 ignominia,
703 2218 838 2272 quasi
860 2231 944 2260 rex
966 2232 1114 2261 novus
1134 2217 1385 2274 apparuit.⁵
1478 2208 1668 2274 }{}15'¹1¹3f¹⁵5'

251 2359 451 2412 Quomodo
473 2359 657 2415 Reynwm
676 2358 905 2408 ordinavit,
926 2365 963 2401 et
983 2359 1127 2401 Lanas
1150 2359 1428 2402 cistercienses

774 2425 893 2480 cepit.

271 2524 377 2565 Rex
401 2524 542 2576 igitur
560 2528 668 2577 post
689 2523 780 2564 ista
801 2536 1022 2577 prospera
1049 2523 1287 2576 paululum
1311 2523 1468 2566 demo-

204 2596 345 2639 ratus,
376 2589 508 2642 quasi
542 2602 626 2630 rex
664 2589 720 2630 de
755 2602 876 2630 novo
916 2589 1082 2639 sactus,
1119 2590 1306 2643 negotia
1340 2590 1468 2643 regia

254 2702 260 2719 ¹
285 2701 450 2741 Supplied
466 2701 549 2732 srom
567 2701 643 2733 MS.
660 2701 784 2732 Lansd.
902 2699 915 2718 ⁴
941 2701 1092 2733 Omitted
1109 2702 1143 2733 in
1160 2701 1234 2734 MS.
1252 2701 1339 2734 Coll.
1355 2702 1451 2735 Arm.

249 2747 261 2766 ²
285 2748 436 2780 Omitted
452 2748 485 2778 in
504 2747 577 2779 MS.
602 2747 690 2779 Cott.
706 2747 782 2780 Tib.
897 2745 910 2765 ⁶
933 2748 980 2778 At
995 2748 1062 2779 this
1074 2758 1262 2789 ceremony,
1271 2748 1382 2780 which
1395 2759 1468 2781 was

250 2793 262 2811 ³
285 2794 438 2827 Omitted
455 2794 489 2825 in
507 2794 580 2826 MS.
599 2793 723 2825 Lansd.
854 2794 1041 2833 performed
1067 2795 1100 2825 in
1126 2794 1181 2826 the
1207 2794 1332 2827 church
1360 2795 1399 2827 of
1417 2796 1465 2828 St.
