<?xml version="1.0" encoding="UTF-8"?>
<!DOCTYPE html PUBLIC "-//W3C//DTD XHTML 1.0 Transitional//EN"
    "http://www.w3.org/TR/xhtml1/DTD/xhtml1-transitional.dtd">
<html xmlns="http://www.w3.org/1999/xhtml" xml:lang="en" lang="en">
 <head>
  <title>
</title>
<meta http-equiv="Content-Type" content="text/html;charset=utf-8" />
  <meta name='ocr-system' content='tesseract 3.04.00' />
  <meta name='ocr-capabilities' content='ocr_page ocr_carea ocr_par ocr_line ocrx_word'/>
</head>
<body>
  <div class='ocr_page' id='page_1' title='image "./chronicondominiw01hemiuoft_0096.png"; bbox 0 0 1866 3186; ppageno 0'>
   <div class='ocr_carea' id='block_1_1' title="bbox 189 377 354 435">
    <p class='ocr_par' dir='ltr' id='par_1_1' title="bbox 189 377 354 435">
     <span class='ocr_line' id='line_1_1' title="bbox 204 377 338 408; baseline 0 -6"><span class='ocrx_word' id='word_1_1' title='bbox 204 377 338 408; x_wconf 68' lang='lat' dir='ltr'>Stephon.</span> 
     </span>
     <span class='ocr_line' id='line_1_2' title="bbox 189 410 354 435; baseline 0.006 -1"><span class='ocrx_word' id='word_1_2' title='bbox 189 411 223 435; x_wconf 85' lang='grc' dir='ltr'>Α.</span> <span class='ocrx_word' id='word_1_3' title='bbox 234 411 266 434; x_wconf 90' lang='grc' dir='ltr'>Ι).</span> <span class='ocrx_word' id='word_1_4' title='bbox 279 410 354 435; x_wconf 77' lang='lat'><strong>1149.</strong></span> 
     </span>
    </p>
   </div>
   <div class='ocr_carea' id='block_1_2' title="bbox 176 445 373 452">
    <p class='ocr_par' dir='ltr' id='par_1_2' title="bbox 176 445 373 452">
     <span class='ocr_line' id='line_1_3' title="bbox 176 445 373 452; baseline 0 2734"><span class='ocrx_word' id='word_1_5' title='bbox 176 445 373 452; x_wconf 95' lang='lat' dir='ltr'> </span> 
     </span>
    </p>
   </div>
   <div class='ocr_carea' id='block_1_3' title="bbox 387 252 1163 294">
    <p class='ocr_par' dir='ltr' id='par_1_3' title="bbox 387 252 1163 294">
     <span class='ocr_line' id='line_1_4' title="bbox 387 252 1163 294; baseline -0.003 -1"><span class='ocrx_word' id='word_1_6' title='bbox 387 252 446 294; x_wconf 84' lang='grc'>’74</span> <span class='ocrx_word' id='word_1_7' title='bbox 884 261 1163 292; x_wconf 72' lang='grc' dir='ltr'><strong>61111οΝ11)οΝ</strong></span> 
     </span>
    </p>
   </div>
   <div class='ocr_carea' id='block_1_4' title="bbox 383 363 1658 1860">
    <p class='ocr_par' dir='ltr' id='par_1_4' title="bbox 383 363 1658 1860">
     <span class='ocr_line' id='line_1_5' title="bbox 389 363 1654 414; baseline -0.001 -8"><span class='ocrx_word' id='word_1_8' title='bbox 389 377 498 406; x_wconf 86' lang='grc'><strong>1111111</strong></span> <span class='ocrx_word' id='word_1_9' title='bbox 535 365 582 406; x_wconf 84' lang='grc'>111</span> <span class='ocrx_word' id='word_1_10' title='bbox 614 377 663 406; x_wconf 88' lang='grc'>56</span> <span class='ocrx_word' id='word_1_11' title='bbox 697 364 892 406; x_wconf 88' lang='lat' dir='ltr'>divisum</span> <span class='ocrx_word' id='word_1_12' title='bbox 929 364 1063 406; x_wconf 90' lang='lat' dir='ltr'>citius</span> <span class='ocrx_word' id='word_1_13' title='bbox 1099 363 1394 414; x_wconf 82' lang='lat' dir='ltr'><strong>desolabitur,</strong></span> <span class='ocrx_word' id='word_1_14' title='bbox 1428 368 1442 386; x_wconf 93' lang='lat'>‘</span> <span class='ocrx_word' id='word_1_15' title='bbox 1459 369 1505 406; x_wconf 90' lang='lat' dir='ltr'>et</span> <span class='ocrx_word' id='word_1_16' title='bbox 1544 363 1654 406; x_wconf 83' lang='lat' dir='ltr'>sic&#39;²</span> 
     </span>
     <span class='ocr_line' id='line_1_6' title="bbox 389 428 1656 484; baseline -0.002 -12"><span class='ocrx_word' id='word_1_17' title='bbox 389 431 584 472; x_wconf 89' lang='lat' dir='ltr'>divisum</span> <span class='ocrx_word' id='word_1_18' title='bbox 627 435 698 471; x_wconf 86' lang='lat' dir='ltr'>est</span> <span class='ocrx_word' id='word_1_19' title='bbox 743 442 934 482; x_wconf 85' lang='lat' dir='ltr'>regnum</span> <span class='ocrx_word' id='word_1_20' title='bbox 975 428 1158 482; x_wconf 84' lang='lat' dir='ltr'>Angliae</span> <span class='ocrx_word' id='word_1_21' title='bbox 1200 435 1247 472; x_wconf 89' lang='lat' dir='ltr'>et</span> <span class='ocrx_word' id='word_1_22' title='bbox 1287 430 1480 472; x_wconf 88' lang='lat' dir='ltr'>scissum</span> <span class='ocrx_word' id='word_1_23' title='bbox 1523 429 1656 484; x_wconf 84' lang='lat' dir='ltr'>quasi</span> 
     </span>
     <span class='ocr_line' id='line_1_7' title="bbox 387 494 1655 549; baseline -0.001 -13"><span class='ocrx_word' id='word_1_24' title='bbox 387 497 435 537; x_wconf 89' lang='lat' dir='ltr'>in</span> <span class='ocrx_word' id='word_1_25' title='bbox 461 496 579 544; x_wconf 85' lang='lat' dir='ltr'>duo;</span> <span class='ocrx_word' id='word_1_26' title='bbox 612 494 798 549; x_wconf 90' lang='lat' dir='ltr'>quidam</span> <span class='ocrx_word' id='word_1_27' title='bbox 828 494 947 535; x_wconf 89' lang='lat' dir='ltr'>enim</span> <span class='ocrx_word' id='word_1_28' title='bbox 976 495 1073 547; x_wconf 87' lang='lat' dir='ltr'>regi</span> <span class='ocrx_word' id='word_1_29' title='bbox 1101 500 1148 536; x_wconf 89' lang='lat' dir='ltr'>et</span> <span class='ocrx_word' id='word_1_30' title='bbox 1167 495 1350 548; x_wconf 88' lang='lat' dir='ltr'>quidam</span> <span class='ocrx_word' id='word_1_31' title='bbox 1378 495 1655 549; x_wconf 84' lang='lat' dir='ltr'>imperatrici</span> 
     </span>
     <span class='ocr_line' id='line_1_8' title="bbox 387 559 1655 614; baseline 0 -12"><span class='ocrx_word' id='word_1_32' title='bbox 387 562 628 602; x_wconf 89' lang='lat' dir='ltr'>favebant:</span> <span class='ocrx_word' id='word_1_33' title='bbox 660 573 752 602; x_wconf 89' lang='lat' dir='ltr'>non</span> <span class='ocrx_word' id='word_1_34' title='bbox 774 560 896 613; x_wconf 90' lang='lat' dir='ltr'>quod</span> <span class='ocrx_word' id='word_1_35' title='bbox 923 572 1007 600; x_wconf 87' lang='lat' dir='ltr'>rex</span> <span class='ocrx_word' id='word_1_36' title='bbox 1029 559 1103 600; x_wconf 89' lang='lat' dir='ltr'>vel</span> <span class='ocrx_word' id='word_1_37' title='bbox 1126 560 1396 613; x_wconf 80' lang='lat' dir='ltr'>imperatrix</span> <span class='ocrx_word' id='word_1_38' title='bbox 1419 574 1516 602; x_wconf 86' lang='lat' dir='ltr'>suae</span> <span class='ocrx_word' id='word_1_39' title='bbox 1535 561 1655 614; x_wconf 87' lang='lat' dir='ltr'>parti</span> 
     </span>
     <span class='ocr_line' id='line_1_9' title="bbox 387 625 1657 680; baseline -0.001 -12"><span class='ocrx_word' id='word_1_40' title='bbox 387 631 599 680; x_wconf 87' lang='lat' dir='ltr'>potenter</span> <span class='ocrx_word' id='word_1_41' title='bbox 632 626 894 679; x_wconf 80' lang='lat' dir='ltr'>imperaret,</span> <span class='ocrx_word' id='word_1_42' title='bbox 928 625 1010 666; x_wconf 87' lang='lat' dir='ltr'>sed</span> <span class='ocrx_word' id='word_1_43' title='bbox 1042 629 1234 678; x_wconf 89' lang='lat' dir='ltr'>uterque</span> <span class='ocrx_word' id='word_1_44' title='bbox 1262 638 1369 667; x_wconf 90' lang='lat' dir='ltr'>suos</span> <span class='ocrx_word' id='word_1_45' title='bbox 1404 630 1483 667; x_wconf 90' lang='lat' dir='ltr'>‘ne</span> <span class='ocrx_word' id='word_1_46' title='bbox 1496 625 1530 647; x_wconf 74' lang='lat'>’²</span> <span class='ocrx_word' id='word_1_47' title='bbox 1569 626 1657 667; x_wconf 89' lang='lat' dir='ltr'>dis-</span> 
     </span>
     <span class='ocr_line' id='line_1_10' title="bbox 387 690 1657 734; baseline -0.001 0"><span class='ocrx_word' id='word_1_48' title='bbox 387 693 600 734; x_wconf 84' lang='lat' dir='ltr'>cederent</span> <span class='ocrx_word' id='word_1_49' title='bbox 644 691 824 733; x_wconf 86' lang='lat' dir='ltr'>blandis</span> <span class='ocrx_word' id='word_1_50' title='bbox 869 691 1154 732; x_wconf 85' lang='lat' dir='ltr'>sermonibus</span> <span class='ocrx_word' id='word_1_51' title='bbox 1204 690 1503 732; x_wconf 85' lang='lat' dir='ltr'>demulceret:</span> <span class='ocrx_word' id='word_1_52' title='bbox 1546 703 1657 733; x_wconf 85' lang='lat' dir='ltr'>sane</span> 
     </span>
     <span class='ocr_line' id='line_1_11' title="bbox 386 756 1653 811; baseline 0 -13"><span class='ocrx_word' id='word_1_53' title='bbox 386 758 504 799; x_wconf 90' lang='lat' dir='ltr'>inter</span> <span class='ocrx_word' id='word_1_54' title='bbox 535 762 686 811; x_wconf 87' lang='lat' dir='ltr'>partes</span> <span class='ocrx_word' id='word_1_55' title='bbox 711 757 790 798; x_wconf 90' lang='lat' dir='ltr'>diu</span> <span class='ocrx_word' id='word_1_56' title='bbox 814 761 1039 798; x_wconf 87' lang='lat' dir='ltr'>certatum</span> <span class='ocrx_word' id='word_1_57' title='bbox 1061 761 1146 806; x_wconf 91' lang='lat' dir='ltr'>est,</span> <span class='ocrx_word' id='word_1_58' title='bbox 1169 756 1425 798; x_wconf 82' lang='lat' dir='ltr'>alternante</span> <span class='ocrx_word' id='word_1_59' title='bbox 1444 757 1653 805; x_wconf 86' lang='lat' dir='ltr'>fortuna;</span> 
     </span>
     <span class='ocr_line' id='line_1_12' title="bbox 387 822 1658 876; baseline 0 -12"><span class='ocrx_word' id='word_1_60' title='bbox 387 823 468 864; x_wconf 90' lang='lat' dir='ltr'>sed</span> <span class='ocrx_word' id='word_1_61' title='bbox 506 827 617 865; x_wconf 90' lang='lat' dir='ltr'>tunc</span> <span class='ocrx_word' id='word_1_62' title='bbox 657 822 994 876; x_wconf 89' lang='lat' dir='ltr'>quodammodo</span> <span class='ocrx_word' id='word_1_63' title='bbox 1040 823 1319 864; x_wconf 89' lang='lat' dir='ltr'>remissiores</span> <span class='ocrx_word' id='word_1_64' title='bbox 1361 826 1514 863; x_wconf 90' lang='lat' dir='ltr'>motus</span> <span class='ocrx_word' id='word_1_65' title='bbox 1557 835 1658 864; x_wconf 88' lang='lat' dir='ltr'>esse</span> 
     </span>
     <span class='ocr_line' id='line_1_13' title="bbox 387 885 1657 942; baseline -0.001 -13"><span class='ocrx_word' id='word_1_66' title='bbox 387 893 649 942; x_wconf 85' lang='lat' dir='ltr'>coeperunt:</span> <span class='ocrx_word' id='word_1_67' title='bbox 701 888 822 941; x_wconf 92' lang='lat' dir='ltr'>quod</span> <span class='ocrx_word' id='word_1_68' title='bbox 869 893 1023 929; x_wconf 91' lang='lat' dir='ltr'>tamen</span> <span class='ocrx_word' id='word_1_69' title='bbox 1066 885 1249 940; x_wconf 86' lang='lat' dir='ltr'>Angliae</span> <span class='ocrx_word' id='word_1_70' title='bbox 1295 900 1386 928; x_wconf 93' lang='lat' dir='ltr'>non</span> <span class='ocrx_word' id='word_1_71' title='bbox 1430 887 1567 929; x_wconf 83' lang='lat' dir='ltr'>cessit</span> <span class='ocrx_word' id='word_1_72' title='bbox 1610 888 1657 929; x_wconf 92' lang='lat' dir='ltr'>in</span> 
     </span>
     <span class='ocr_line' id='line_1_14' title="bbox 386 953 1657 1007; baseline -0.001 -12"><span class='ocrx_word' id='word_1_73' title='bbox 386 955 570 1004; x_wconf 90' lang='lat' dir='ltr'>bonum,</span> <span class='ocrx_word' id='word_1_74' title='bbox 614 966 667 995; x_wconf 89' lang='lat' dir='ltr'>eo</span> <span class='ocrx_word' id='word_1_75' title='bbox 710 953 833 1007; x_wconf 92' lang='lat' dir='ltr'>quod</span> <span class='ocrx_word' id='word_1_76' title='bbox 874 958 944 994; x_wconf 91' lang='lat' dir='ltr'>tot</span> <span class='ocrx_word' id='word_1_77' title='bbox 986 958 1116 994; x_wconf 89' lang='lat' dir='ltr'>erant</span> <span class='ocrx_word' id='word_1_78' title='bbox 1156 966 1287 1006; x_wconf 86' lang='lat' dir='ltr'>reges</span> <span class='ocrx_word' id='word_1_79' title='bbox 1330 957 1443 1006; x_wconf 91' lang='lat' dir='ltr'>quot</span> <span class='ocrx_word' id='word_1_80' title='bbox 1487 953 1657 994; x_wconf 88' lang='lat' dir='ltr'>domini</span> 
     </span>
     <span class='ocr_line' id='line_1_15' title="bbox 386 1017 1656 1072; baseline -0.001 -12"><span class='ocrx_word' id='word_1_81' title='bbox 386 1019 693 1069; x_wconf 85' lang='lat' dir='ltr'>castellorum,</span> <span class='ocrx_word' id='word_1_82' title='bbox 723 1019 942 1060; x_wconf 89' lang='lat' dir='ltr'>habentes</span> <span class='ocrx_word' id='word_1_83' title='bbox 971 1017 1139 1071; x_wconf 81' lang='lat' dir='ltr'>singuli</span> <span class='ocrx_word' id='word_1_84' title='bbox 1158 1019 1384 1060; x_wconf 89' lang='lat' dir='ltr'>numisma</span> <span class='ocrx_word' id='word_1_85' title='bbox 1405 1018 1656 1072; x_wconf 90' lang='lat' dir='ltr'>proprium,</span> 
     </span>
     <span class='ocr_line' id='line_1_16' title="bbox 386 1083 1656 1137; baseline 0 -12"><span class='ocrx_word' id='word_1_86' title='bbox 386 1089 433 1125; x_wconf 90' lang='lat' dir='ltr'>et</span> <span class='ocrx_word' id='word_1_87' title='bbox 454 1097 580 1125; x_wconf 89' lang='lat' dir='ltr'>more</span> <span class='ocrx_word' id='word_1_88' title='bbox 603 1084 730 1136; x_wconf 84' lang='lat' dir='ltr'>regio</span> <span class='ocrx_word' id='word_1_89' title='bbox 750 1083 955 1124; x_wconf 90' lang='lat' dir='ltr'>subditos</span> <span class='ocrx_word' id='word_1_90' title='bbox 972 1083 1248 1137; x_wconf 88' lang='lat' dir='ltr'>judicantes.</span> <span class='ocrx_word' id='word_1_91' title='bbox 1318 1084 1379 1124; x_wconf 94' lang='lat' dir='ltr'>Et</span> <span class='ocrx_word' id='word_1_92' title='bbox 1398 1085 1507 1136; x_wconf 87' lang='lat' dir='ltr'>quia</span> <span class='ocrx_word' id='word_1_93' title='bbox 1525 1097 1656 1137; x_wconf 83' lang='lat' dir='ltr'>mag-</span> 
     </span>
     <span class='ocr_line' id='line_1_17' title="bbox 386 1148 1656 1201; baseline 0.001 -11"><span class='ocrx_word' id='word_1_94' title='bbox 386 1154 516 1190; x_wconf 90' lang='lat' dir='ltr'>nates</span> <span class='ocrx_word' id='word_1_95' title='bbox 546 1154 680 1190; x_wconf 87' lang='lat' dir='ltr'>terrae</span> <span class='ocrx_word' id='word_1_96' title='bbox 711 1149 776 1190; x_wconf 91' lang='lat' dir='ltr'>sic</span> <span class='ocrx_word' id='word_1_97' title='bbox 803 1149 996 1190; x_wconf 89' lang='lat' dir='ltr'>invicem</span> <span class='ocrx_word' id='word_1_98' title='bbox 1027 1148 1252 1190; x_wconf 86' lang='lat' dir='ltr'>excellere</span> <span class='ocrx_word' id='word_1_99' title='bbox 1278 1150 1567 1201; x_wconf 84' lang='lat' dir='ltr'>satagebant,</span> <span class='ocrx_word' id='word_1_100' title='bbox 1601 1163 1656 1191; x_wconf 91' lang='lat' dir='ltr'>eo</span> 
     </span>
     <span class='ocr_line' id='line_1_18' title="bbox 386 1214 1655 1268; baseline 0.001 -12"><span class='ocrx_word' id='word_1_101' title='bbox 386 1215 509 1268; x_wconf 89' lang='lat' dir='ltr'>quod</span> <span class='ocrx_word' id='word_1_102' title='bbox 542 1214 695 1256; x_wconf 92' lang='lat' dir='ltr'>nullus</span> <span class='ocrx_word' id='word_1_103' title='bbox 732 1215 781 1255; x_wconf 92' lang='lat' dir='ltr'>in</span> <span class='ocrx_word' id='word_1_104' title='bbox 815 1214 1010 1255; x_wconf 90' lang='lat' dir='ltr'>alterum</span> <span class='ocrx_word' id='word_1_105' title='bbox 1041 1214 1230 1255; x_wconf 89' lang='lat' dir='ltr'>haberet</span> <span class='ocrx_word' id='word_1_106' title='bbox 1260 1214 1514 1268; x_wconf 88' lang='lat' dir='ltr'>imperium,</span> <span class='ocrx_word' id='word_1_107' title='bbox 1545 1229 1655 1257; x_wconf 88' lang='lat' dir='ltr'>mox</span> 
     </span>
     <span class='ocr_line' id='line_1_19' title="bbox 386 1279 1655 1334; baseline 0.002 -13"><span class='ocrx_word' id='word_1_108' title='bbox 386 1280 503 1321; x_wconf 91' lang='lat' dir='ltr'>inter</span> <span class='ocrx_word' id='word_1_109' title='bbox 525 1293 575 1321; x_wconf 93' lang='lat' dir='ltr'>se</span> <span class='ocrx_word' id='word_1_110' title='bbox 605 1281 913 1334; x_wconf 87' lang='lat' dir='ltr'>disceptantes</span> <span class='ocrx_word' id='word_1_111' title='bbox 938 1279 1109 1333; x_wconf 89' lang='lat' dir='ltr'>rapinis</span> <span class='ocrx_word' id='word_1_112' title='bbox 1138 1284 1185 1321; x_wconf 92' lang='lat' dir='ltr'>et</span> <span class='ocrx_word' id='word_1_113' title='bbox 1210 1280 1430 1321; x_wconf 89' lang='lat' dir='ltr'>incendiis</span> <span class='ocrx_word' id='word_1_114' title='bbox 1457 1281 1655 1323; x_wconf 88' lang='lat' dir='ltr'>clarissi-</span> 
     </span>
     <span class='ocr_line' id='line_1_20' title="bbox 386 1346 1654 1399; baseline 0.001 -12"><span class='ocrx_word' id='word_1_115' title='bbox 386 1359 485 1387; x_wconf 90' lang='lat' dir='ltr'>mas</span> <span class='ocrx_word' id='word_1_116' title='bbox 512 1346 720 1399; x_wconf 83' lang='lat' dir='ltr'>regiones</span> <span class='ocrx_word' id='word_1_117' title='bbox 752 1350 1065 1398; x_wconf 87' lang='lat' dir='ltr'>corruperunt,</span> <span class='ocrx_word' id='word_1_118' title='bbox 1092 1346 1139 1386; x_wconf 92' lang='lat' dir='ltr'>in</span> <span class='ocrx_word' id='word_1_119' title='bbox 1169 1350 1348 1386; x_wconf 89' lang='lat' dir='ltr'>tantum</span> <span class='ocrx_word' id='word_1_120' title='bbox 1375 1346 1496 1399; x_wconf 92' lang='lat' dir='ltr'>quod</span> <span class='ocrx_word' id='word_1_121' title='bbox 1520 1360 1654 1388; x_wconf 89' lang='lat' dir='ltr'>omne</span> 
     </span>
     <span class='ocr_line' id='line_1_21' title="bbox 385 1411 1654 1466; baseline 0.002 -14"><span class='ocrx_word' id='word_1_122' title='bbox 385 1413 524 1453; x_wconf 91' lang='lat' dir='ltr'>robur</span> <span class='ocrx_word' id='word_1_123' title='bbox 543 1412 674 1466; x_wconf 89' lang='lat' dir='ltr'>panis</span> <span class='ocrx_word' id='word_1_124' title='bbox 697 1411 790 1453; x_wconf 86' lang='lat' dir='ltr'>fere</span> <span class='ocrx_word' id='word_1_125' title='bbox 810 1412 1022 1465; x_wconf 80' lang='lat' dir='ltr'>deperiit3</span> <span class='ocrx_word' id='word_1_126' title='bbox 1056 1411 1330 1464; x_wconf 90' lang='lat' dir='ltr'>aquilonalis</span> <span class='ocrx_word' id='word_1_127' title='bbox 1350 1416 1504 1453; x_wconf 90' lang='lat' dir='ltr'>tamen</span> <span class='ocrx_word' id='word_1_128' title='bbox 1526 1413 1654 1465; x_wconf 83' lang='lat' dir='ltr'>regio</span> 
     </span>
     <span class='ocr_line' id='line_1_22' title="bbox 386 1476 1653 1532; baseline 0.001 -13"><span class='ocrx_word' id='word_1_129' title='bbox 386 1490 490 1530; x_wconf 86' lang='lat' dir='ltr'>quae</span> <span class='ocrx_word' id='word_1_130' title='bbox 518 1478 566 1519; x_wconf 91' lang='lat' dir='ltr'>in</span> <span class='ocrx_word' id='word_1_131' title='bbox 597 1482 871 1532; x_wconf 88' lang='lat' dir='ltr'>potestatem</span> <span class='ocrx_word' id='word_1_132' title='bbox 904 1476 1059 1518; x_wconf 88' lang='lat' dir='ltr'>David</span> <span class='ocrx_word' id='word_1_133' title='bbox 1089 1477 1212 1530; x_wconf 85' lang='lat' dir='ltr'>regis</span> <span class='ocrx_word' id='word_1_134' title='bbox 1242 1477 1480 1519; x_wconf 89' lang='lat' dir='ltr'>Scotorum</span> <span class='ocrx_word' id='word_1_135' title='bbox 1506 1490 1653 1532; x_wconf 91' lang='lat' dir='ltr'>usque</span> 
     </span>
     <span class='ocr_line' id='line_1_23' title="bbox 386 1543 1652 1597; baseline 0.002 -13"><span class='ocrx_word' id='word_1_136' title='bbox 386 1543 446 1584; x_wconf 92' lang='lat' dir='ltr'>ad</span> <span class='ocrx_word' id='word_1_137' title='bbox 481 1544 651 1585; x_wconf 88' lang='lat' dir='ltr'>flumen</span> <span class='ocrx_word' id='word_1_138' title='bbox 690 1543 875 1584; x_wconf 88' lang='lat' dir='ltr'>Tesiam</span> <span class='ocrx_word' id='word_1_139' title='bbox 907 1547 1121 1593; x_wconf 84' lang='lat' dir='ltr'>cesserat,</span> <span class='ocrx_word' id='word_1_140' title='bbox 1151 1556 1234 1596; x_wconf 90' lang='lat' dir='ltr'>per</span> <span class='ocrx_word' id='word_1_141' title='bbox 1262 1543 1467 1597; x_wconf 86' lang='lat' dir='ltr'>ejusdem</span> <span class='ocrx_word' id='word_1_142' title='bbox 1498 1544 1652 1586; x_wconf 90' lang='lat' dir='ltr'>David</span> 
     </span>
     <span class='ocr_line' id='line_1_24' title="bbox 384 1608 1653 1663; baseline 0.002 -14"><span class='ocrx_word' id='word_1_143' title='bbox 384 1609 507 1662; x_wconf 84' lang='lat' dir='ltr'>regis</span> <span class='ocrx_word' id='word_1_144' title='bbox 532 1609 803 1651; x_wconf 86' lang='lat' dir='ltr'>industriam</span> <span class='ocrx_word' id='word_1_145' title='bbox 830 1610 998 1662; x_wconf 83' lang='lat' dir='ltr'>agebat</span> <span class='ocrx_word' id='word_1_146' title='bbox 1020 1609 1067 1649; x_wconf 90' lang='lat' dir='ltr'>in</span> <span class='ocrx_word' id='word_1_147' title='bbox 1093 1621 1221 1662; x_wconf 87' lang='lat' dir='ltr'>pace.</span> <span class='ocrx_word' id='word_1_148' title='bbox 1289 1608 1365 1650; x_wconf 90' lang='lat' dir='ltr'>Ad</span> <span class='ocrx_word' id='word_1_149' title='bbox 1387 1622 1523 1662; x_wconf 92' lang='lat' dir='ltr'>quem</span> <span class='ocrx_word' id='word_1_150' title='bbox 1551 1611 1653 1663; x_wconf 89' lang='lat' dir='ltr'>qui-</span> 
     </span>
     <span class='ocr_line' id='line_1_25' title="bbox 385 1674 1652 1734; baseline 0.002 -19"><span class='ocrx_word' id='word_1_151' title='bbox 385 1674 488 1716; x_wconf 91' lang='lat' dir='ltr'>dem</span> <span class='ocrx_word' id='word_1_152' title='bbox 524 1675 754 1716; x_wconf 90' lang='lat' dir='ltr'>Henricus</span> <span class='ocrx_word' id='word_1_153' title='bbox 788 1675 910 1715; x_wconf 88' lang='lat' dir='ltr'>filius</span> <span class='ocrx_word' id='word_1_154' title='bbox 939 1675 1241 1727; x_wconf 88' lang='lat' dir='ltr'>imperatricis</span> <span class='ocrx_word' id='word_1_155' title='bbox 1275 1679 1323 1716; x_wconf 90' lang='lat' dir='ltr'>et</span> <span class='ocrx_word' id='word_1_156' title='bbox 1352 1688 1435 1716; x_wconf 83' lang='lat' dir='ltr'>rex</span> <span class='ocrx_word' id='word_1_157' title='bbox 1468 1674 1652 1734; x_wconf 83' lang='lat' dir='ltr'>Angliae</span> 
     </span>
     <span class='ocr_line' id='line_1_26' title="bbox 383 1740 1652 1795; baseline 0 -13"><span class='ocrx_word' id='word_1_158' title='bbox 383 1740 581 1791; x_wconf 88' lang='lat' dir='ltr'>futurus,</span> <span class='ocrx_word' id='word_1_159' title='bbox 612 1753 641 1782; x_wconf 90' lang='lat' dir='ltr'>a</span> <span class='ocrx_word' id='word_1_160' title='bbox 674 1745 819 1782; x_wconf 88' lang='lat' dir='ltr'>matre</span> <span class='ocrx_word' id='word_1_161' title='bbox 848 1741 1030 1790; x_wconf 90' lang='lat' dir='ltr'>missus,</span> <span class='ocrx_word' id='word_1_162' title='bbox 1055 1740 1152 1795; x_wconf 90' lang='lat' dir='ltr'>jam</span> <span class='ocrx_word' id='word_1_163' title='bbox 1188 1741 1347 1794; x_wconf 89' lang='lat' dir='ltr'>pubes,</span> <span class='ocrx_word' id='word_1_164' title='bbox 1378 1746 1652 1792; x_wconf 86' lang='lat' dir='ltr'>accesserat,</span> 
     </span>
     <span class='ocr_line' id='line_1_27' title="bbox 385 1806 1651 1860; baseline 0.001 -13"><span class='ocrx_word' id='word_1_165' title='bbox 385 1811 431 1847; x_wconf 91' lang='lat' dir='ltr'>et</span> <span class='ocrx_word' id='word_1_166' title='bbox 465 1808 523 1848; x_wconf 91' lang='lat' dir='ltr'>ab</span> <span class='ocrx_word' id='word_1_167' title='bbox 554 1820 607 1848; x_wconf 92' lang='lat' dir='ltr'>eo</span> <span class='ocrx_word' id='word_1_168' title='bbox 641 1806 764 1860; x_wconf 88' lang='lat' dir='ltr'>apud</span> <span class='ocrx_word' id='word_1_169' title='bbox 795 1806 1053 1847; x_wconf 91' lang='lat' dir='ltr'>Karliolum</span> <span class='ocrx_word' id='word_1_170' title='bbox 1085 1806 1317 1859; x_wconf 87' lang='lat' dir='ltr'>cingulum</span> <span class='ocrx_word' id='word_1_171' title='bbox 1346 1806 1542 1848; x_wconf 89' lang='lat' dir='ltr'>militare</span> <span class='ocrx_word' id='word_1_172' title='bbox 1576 1820 1651 1848; x_wconf 89' lang='lat' dir='ltr'>ac-</span> 
     </span>
    </p>
   </div>
   <div class='ocr_carea' id='block_1_5' title="bbox 170 1871 1652 1926">
    <p class='ocr_par' dir='ltr' id='par_1_5' title="bbox 170 1871 1652 1926">
     <span class='ocr_line' id='line_1_28' title="bbox 170 1871 1652 1926; baseline 0.001 -14"><span class='ocrx_word' id='word_1_173' title='bbox 170 1880 368 1914; x_wconf 78' lang='lat' dir='ltr'>PrinceHenry</span> <span class='ocrx_word' id='word_1_174' title='bbox 385 1876 582 1925; x_wconf 88' lang='lat' dir='ltr'>ceperat,</span> <span class='ocrx_word' id='word_1_175' title='bbox 598 1872 698 1926; x_wconf 90' lang='lat' dir='ltr'>jam</span> <span class='ocrx_word' id='word_1_176' title='bbox 718 1872 994 1913; x_wconf 88' lang='lat' dir='ltr'>militaturus</span> <span class='ocrx_word' id='word_1_177' title='bbox 1017 1872 1063 1912; x_wconf 93' lang='lat' dir='ltr'>in</span> <span class='ocrx_word' id='word_1_178' title='bbox 1087 1871 1240 1913; x_wconf 89' lang='lat' dir='ltr'>hostes</span> <span class='ocrx_word' id='word_1_179' title='bbox 1265 1877 1310 1912; x_wconf 90' lang='lat' dir='ltr'>et</span> <span class='ocrx_word' id='word_1_180' title='bbox 1337 1872 1423 1912; x_wconf 88' lang='lat' dir='ltr'>sibi</span> <span class='ocrx_word' id='word_1_181' title='bbox 1446 1872 1652 1914; x_wconf 87' lang='lat' dir='ltr'>rebelles.</span> 
     </span>
    </p>
   </div>
   <div class='ocr_carea' id='block_1_6' title="bbox 172 1914 349 1946">
    <p class='ocr_par' dir='ltr' id='par_1_6' title="bbox 172 1914 349 1946">
     <span class='ocr_line' id='line_1_29' title="bbox 172 1914 349 1946; baseline 0.011 -9"><span class='ocrx_word' id='word_1_182' title='bbox 172 1914 195 1938; x_wconf 81' lang='lat' dir='ltr'>is</span> <span class='ocrx_word' id='word_1_183' title='bbox 210 1915 349 1946; x_wconf 83' lang='lat' dir='ltr'>knighted</span> 
     </span>
    </p>
   </div>
   <div class='ocr_carea' id='block_1_7' title="bbox 168 1936 1652 1990">
    <p class='ocr_par' dir='ltr' id='par_1_7' title="bbox 168 1936 1652 1990">
     <span class='ocr_line' id='line_1_30' title="bbox 168 1936 1652 1990; baseline 0.006 -19"><span class='ocrx_word' id='word_1_184' title='bbox 168 1946 203 1977; x_wconf 79' lang='lat' dir='ltr'>by</span> <span class='ocrx_word' id='word_1_185' title='bbox 217 1947 308 1972; x_wconf 73' lang='lat' dir='ltr'>navia</span> <span class='ocrx_word' id='word_1_186' title='bbox 324 1950 352 1973; x_wconf 81' lang='lat' dir='ltr'>at</span> <span class='ocrx_word' id='word_1_187' title='bbox 387 1936 592 1990; x_wconf 89' lang='lat' dir='ltr'>Accepto</span> <span class='ocrx_word' id='word_1_188' title='bbox 641 1950 837 1989; x_wconf 90' lang='lat' dir='ltr'>namque</span> <span class='ocrx_word' id='word_1_189' title='bbox 888 1937 1062 1977; x_wconf 86' lang='lat' dir='ltr'>militiae</span> <span class='ocrx_word' id='word_1_190' title='bbox 1109 1936 1293 1989; x_wconf 85' lang='lat' dir='ltr'>cingulo</span> <span class='ocrx_word' id='word_1_191' title='bbox 1339 1937 1652 1980; x_wconf 88' lang='lat' dir='ltr'>transfretavit</span> 
     </span>
    </p>
   </div>
   <div class='ocr_carea' id='block_1_8' title="bbox 167 1979 290 2006">
    <p class='ocr_par' dir='ltr' id='par_1_8' title="bbox 167 1979 290 2006">
     <span class='ocr_line' id='line_1_31' title="bbox 167 1979 290 2006; baseline 0.016 -2"><span class='ocrx_word' id='word_1_192' title='bbox 167 1979 290 2006; x_wconf 83' lang='lat' dir='ltr'>Carlisle.</span> 
     </span>
    </p>
   </div>
   <div class='ocr_carea' id='block_1_9' title="bbox 165 2087 340 2178">
    <p class='ocr_par' dir='ltr' id='par_1_9' title="bbox 165 2087 340 2178">
     <span class='ocr_line' id='line_1_32' title="bbox 170 2087 340 2118; baseline 0.012 -7"><span class='ocrx_word' id='word_1_193' title='bbox 170 2087 296 2118; x_wconf 77' lang='lat' dir='ltr'>Geoffrey</span> <span class='ocrx_word' id='word_1_194' title='bbox 307 2088 340 2113; x_wconf 84' lang='lat' dir='ltr'>of</span> 
     </span>
     <span class='ocr_line' id='line_1_33' title="bbox 165 2119 339 2178; baseline 0.006 -33"><span class='ocrx_word' id='word_1_195' title='bbox 165 2119 259 2178; x_wconf 50' lang='lat' dir='ltr'>lAltgjlou</span> <span class='ocrx_word' id='word_1_196' title='bbox 271 2120 339 2152; x_wconf 76' lang='lat' dir='ltr'>dies,</span> 
     </span>
    </p>
   </div>
   <div class='ocr_carea' id='block_1_10' title="bbox 382 2001 1652 2647">
    <p class='ocr_par' dir='ltr' id='par_1_10' title="bbox 382 2001 1652 2647">
     <span class='ocr_line' id='line_1_34' title="bbox 387 2001 1651 2055; baseline 0.002 -12"><span class='ocrx_word' id='word_1_197' title='bbox 387 2002 444 2043; x_wconf 94' lang='lat' dir='ltr'>ad</span> <span class='ocrx_word' id='word_1_198' title='bbox 485 2008 676 2055; x_wconf 86' lang='lat' dir='ltr'>patrem,</span> <span class='ocrx_word' id='word_1_199' title='bbox 712 2007 758 2043; x_wconf 90' lang='lat' dir='ltr'>et</span> <span class='ocrx_word' id='word_1_200' title='bbox 788 2006 886 2043; x_wconf 88' lang='lat' dir='ltr'>erat</span> <span class='ocrx_word' id='word_1_201' title='bbox 919 2006 1088 2054; x_wconf 82' lang='lat' dir='ltr'>extunc</span> <span class='ocrx_word' id='word_1_202' title='bbox 1123 2001 1331 2043; x_wconf 90' lang='lat' dir='ltr'>militaris</span> <span class='ocrx_word' id='word_1_203' title='bbox 1366 2003 1524 2055; x_wconf 84' lang='lat' dir='ltr'>gloriae</span> <span class='ocrx_word' id='word_1_204' title='bbox 1560 2017 1651 2045; x_wconf 91' lang='lat' dir='ltr'>non</span> 
     </span>
     <span class='ocr_line' id='line_1_35' title="bbox 385 2067 1651 2120; baseline 0.002 -11"><span class='ocrx_word' id='word_1_205' title='bbox 385 2068 567 2120; x_wconf 90' lang='lat' dir='ltr'>tepidus</span> <span class='ocrx_word' id='word_1_206' title='bbox 606 2067 844 2108; x_wconf 86' lang='lat' dir='ltr'>aemulator</span> <span class='ocrx_word' id='word_1_207' title='bbox 884 2067 1096 2109; x_wconf 86' lang='lat' dir='ltr'>existens.</span> <span class='ocrx_word' id='word_1_208' title='bbox 1170 2067 1283 2109; x_wconf 93' lang='lat' dir='ltr'>Post</span> <span class='ocrx_word' id='word_1_209' title='bbox 1318 2072 1470 2109; x_wconf 90' lang='lat' dir='ltr'>autem</span> <span class='ocrx_word' id='word_1_210' title='bbox 1507 2082 1651 2111; x_wconf 90' lang='lat' dir='ltr'>annos</span> 
     </span>
     <span class='ocr_line' id='line_1_36' title="bbox 385 2133 1652 2188; baseline 0.002 -14"><span class='ocrx_word' id='word_1_211' title='bbox 385 2133 576 2187; x_wconf 83' lang='lat' dir='ltr'>aliquot,</span> <span class='ocrx_word' id='word_1_212' title='bbox 597 2138 726 2186; x_wconf 90' lang='lat' dir='ltr'>patre</span> <span class='ocrx_word' id='word_1_213' title='bbox 754 2134 801 2174; x_wconf 91' lang='lat' dir='ltr'>in</span> <span class='ocrx_word' id='word_1_214' title='bbox 826 2133 924 2174; x_wconf 88' lang='lat' dir='ltr'>fata</span> <span class='ocrx_word' id='word_1_215' title='bbox 950 2133 1150 2183; x_wconf 87' lang='lat' dir='ltr'>cedente,</span> <span class='ocrx_word' id='word_1_216' title='bbox 1171 2134 1349 2186; x_wconf 90' lang='lat' dir='ltr'>paterni</span> <span class='ocrx_word' id='word_1_217' title='bbox 1362 2134 1481 2188; x_wconf 92' lang='lat' dir='ltr'>juris</span> <span class='ocrx_word' id='word_1_218' title='bbox 1507 2135 1652 2188; x_wconf 91' lang='lat' dir='ltr'>pleni-</span> 
     </span>
     <span class='ocr_line' id='line_1_37' title="bbox 384 2198 1649 2253; baseline 0.002 -14"><span class='ocrx_word' id='word_1_219' title='bbox 384 2199 604 2249; x_wconf 90' lang='lat' dir='ltr'>tudinem,</span> <span class='ocrx_word' id='word_1_220' title='bbox 652 2198 1035 2251; x_wconf 86' lang='lat' dir='ltr'>Andegavensem</span> <span class='ocrx_word' id='word_1_221' title='bbox 1087 2198 1260 2240; x_wconf 86' lang='lat' dir='ltr'>scilicet</span> <span class='ocrx_word' id='word_1_222' title='bbox 1302 2204 1348 2240; x_wconf 90' lang='lat' dir='ltr'>et</span> <span class='ocrx_word' id='word_1_223' title='bbox 1393 2199 1649 2253; x_wconf 89' lang='lat' dir='ltr'>Cynomen-</span> 
     </span>
     <span class='ocr_line' id='line_1_38' title="bbox 383 2265 1647 2318; baseline 0.002 -13"><span class='ocrx_word' id='word_1_224' title='bbox 383 2277 565 2305; x_wconf 87' lang='lat' dir='ltr'>nensem</span> <span class='ocrx_word' id='word_1_225' title='bbox 580 2265 860 2314; x_wconf 91' lang='lat' dir='ltr'>comitatum,</span> <span class='ocrx_word' id='word_1_226' title='bbox 878 2268 924 2305; x_wconf 89' lang='lat' dir='ltr'>et</span> <span class='ocrx_word' id='word_1_227' title='bbox 943 2265 1134 2305; x_wconf 90' lang='lat' dir='ltr'>materni</span> <span class='ocrx_word' id='word_1_228' title='bbox 1143 2265 1262 2318; x_wconf 91' lang='lat' dir='ltr'>juris</span> <span class='ocrx_word' id='word_1_229' title='bbox 1278 2265 1546 2318; x_wconf 89' lang='lat' dir='ltr'>portionem,</span> <span class='ocrx_word' id='word_1_230' title='bbox 1563 2267 1647 2307; x_wconf 92' lang='lat' dir='ltr'>sci-</span> 
     </span>
     <span class='ocr_line' id='line_1_39' title="bbox 382 2330 1650 2384; baseline 0.002 -14"><span class='ocrx_word' id='word_1_231' title='bbox 382 2330 489 2371; x_wconf 86' lang='lat' dir='ltr'>licet</span> <span class='ocrx_word' id='word_1_232' title='bbox 513 2330 808 2372; x_wconf 88' lang='lat' dir='ltr'>Normanniae</span> <span class='ocrx_word' id='word_1_233' title='bbox 830 2330 1060 2379; x_wconf 89' lang='lat' dir='ltr'>ducatum,</span> <span class='ocrx_word' id='word_1_234' title='bbox 1084 2331 1269 2383; x_wconf 88' lang='lat' dir='ltr'>recepit.</span> <span class='ocrx_word' id='word_1_235' title='bbox 1340 2330 1506 2383; x_wconf 87' lang='lat' dir='ltr'>Itaque</span> <span class='ocrx_word' id='word_1_236' title='bbox 1528 2332 1650 2384; x_wconf 91' lang='lat' dir='ltr'>patri</span> 
     </span>
     <span class='ocr_line' id='line_1_40' title="bbox 382 2395 1647 2450; baseline 0.002 -13"><span class='ocrx_word' id='word_1_237' title='bbox 382 2397 629 2438; x_wconf 88' lang='lat' dir='ltr'>succedens</span> <span class='ocrx_word' id='word_1_238' title='bbox 653 2401 698 2437; x_wconf 90' lang='lat' dir='ltr'>et</span> <span class='ocrx_word' id='word_1_239' title='bbox 720 2400 912 2437; x_wconf 88' lang='lat' dir='ltr'>matrem</span> <span class='ocrx_word' id='word_1_240' title='bbox 938 2395 1250 2449; x_wconf 88' lang='lat' dir='ltr'>potentialiter</span> <span class='ocrx_word' id='word_1_241' title='bbox 1274 2396 1513 2447; x_wconf 87' lang='lat' dir='ltr'>excedens,</span> <span class='ocrx_word' id='word_1_242' title='bbox 1534 2411 1647 2450; x_wconf 88' lang='lat' dir='ltr'>quo-</span> 
     </span>
     <span class='ocr_line' id='line_1_41' title="bbox 383 2461 1646 2515; baseline 0.002 -13"><span class='ocrx_word' id='word_1_243' title='bbox 383 2475 564 2515; x_wconf 87' lang='lat' dir='ltr'>cunque</span> <span class='ocrx_word' id='word_1_244' title='bbox 592 2462 778 2503; x_wconf 87' lang='lat' dir='ltr'>divertit</span> <span class='ocrx_word' id='word_1_245' title='bbox 803 2461 1050 2503; x_wconf 90' lang='lat' dir='ltr'>industrius</span> <span class='ocrx_word' id='word_1_246' title='bbox 1076 2466 1378 2515; x_wconf 90' lang='lat' dir='ltr'>strenuusque</span> <span class='ocrx_word' id='word_1_247' title='bbox 1408 2463 1646 2515; x_wconf 81' lang='lat' dir='ltr'>apparuit3</span> 
     </span>
     <span class='ocr_line' id='line_1_42' title="bbox 382 2527 1647 2582; baseline 0.002 -14"><span class='ocrx_word' id='word_1_248' title='bbox 382 2528 448 2569; x_wconf 91' lang='lat' dir='ltr'>ita</span> <span class='ocrx_word' id='word_1_249' title='bbox 478 2533 529 2569; x_wconf 90' lang='lat' dir='ltr'>ut</span> <span class='ocrx_word' id='word_1_250' title='bbox 554 2528 653 2582; x_wconf 89' lang='lat' dir='ltr'>jam</span> <span class='ocrx_word' id='word_1_251' title='bbox 676 2527 766 2568; x_wconf 90' lang='lat' dir='ltr'>illis</span> <span class='ocrx_word' id='word_1_252' title='bbox 788 2527 1084 2568; x_wconf 88' lang='lat' dir='ltr'>formidabilis</span> <span class='ocrx_word' id='word_1_253' title='bbox 1104 2527 1321 2568; x_wconf 88' lang='lat' dir='ltr'>existeret</span> <span class='ocrx_word' id='word_1_254' title='bbox 1340 2528 1418 2580; x_wconf 92' lang='lat' dir='ltr'>qui</span> <span class='ocrx_word' id='word_1_255' title='bbox 1442 2528 1647 2570; x_wconf 89' lang='lat' dir='ltr'>felicibus</span> 
     </span>
     <span class='ocr_line' id='line_1_43' title="bbox 383 2593 1647 2647; baseline 0 -13"><span class='ocrx_word' id='word_1_256' title='bbox 383 2593 482 2647; x_wconf 87' lang='lat' dir='ltr'>ejus</span> <span class='ocrx_word' id='word_1_257' title='bbox 514 2594 652 2635; x_wconf 90' lang='lat' dir='ltr'>initiis</span> <span class='ocrx_word' id='word_1_258' title='bbox 687 2593 976 2635; x_wconf 84' lang='lat' dir='ltr'>invidebant:</span> <span class='ocrx_word' id='word_1_259' title='bbox 1019 2606 1213 2646; x_wconf 90' lang='lat' dir='ltr'>cumque</span> <span class='ocrx_word' id='word_1_260' title='bbox 1248 2593 1295 2633; x_wconf 91' lang='lat' dir='ltr'>in</span> <span class='ocrx_word' id='word_1_261' title='bbox 1334 2595 1647 2634; x_wconf 87' lang='lat' dir='ltr'>transmarinis</span> 
     </span>
    </p>
   </div>
   <div class='ocr_carea' id='block_1_11' title="bbox 477 2731 1550 2774">
    <p class='ocr_par' dir='ltr' id='par_1_11' title="bbox 477 2731 1550 2774">
     <span class='ocr_line' id='line_1_44' title="bbox 477 2731 1550 2774; baseline 0.001 -9"><span class='ocrx_word' id='word_1_262' title='bbox 477 2733 484 2751; x_wconf 91' lang='lat'>¹</span> <span class='ocrx_word' id='word_1_263' title='bbox 510 2735 674 2774; x_wconf 84' lang='lat' dir='ltr'>Supplied</span> <span class='ocrx_word' id='word_1_264' title='bbox 691 2735 773 2766; x_wconf 88' lang='lat' dir='ltr'>from</span> <span class='ocrx_word' id='word_1_265' title='bbox 792 2734 866 2766; x_wconf 92' lang='lat' dir='ltr'>MS.</span> <span class='ocrx_word' id='word_1_266' title='bbox 886 2734 1008 2766; x_wconf 82' lang='lat' dir='ltr'>Lansd.</span> <span class='ocrx_word' id='word_1_267' title='bbox 1102 2731 1115 2751; x_wconf 79' lang='lat'>²</span> <span class='ocrx_word' id='word_1_268' title='bbox 1138 2734 1148 2750; x_wconf 91' lang='lat'>‘</span> <span class='ocrx_word' id='word_1_269' title='bbox 1161 2743 1201 2764; x_wconf 86' lang='lat' dir='ltr'>ne</span> <span class='ocrx_word' id='word_1_270' title='bbox 1218 2743 1238 2763; x_wconf 83' lang='lat' dir='ltr'>a</span> <span class='ocrx_word' id='word_1_271' title='bbox 1256 2733 1316 2773; x_wconf 88' lang='lat' dir='ltr'>se‚&#39;</span> <span class='ocrx_word' id='word_1_272' title='bbox 1332 2733 1407 2766; x_wconf 90' lang='lat' dir='ltr'>MS.</span> <span class='ocrx_word' id='word_1_273' title='bbox 1426 2733 1550 2766; x_wconf 81' lang='lat' dir='ltr'>Lansd.</span> 
     </span>
    </p>
   </div>
   <div class='ocr_carea' id='block_1_12' title="bbox 1855 151 1866 536">
    <p class='ocr_par' dir='ltr' id='par_1_12' title="bbox 1855 151 1866 536">
     <span class='ocr_line' id='line_1_45' title="bbox 1855 151 1866 536; textangle 90"><span class='ocrx_word' id='word_1_274' title='bbox 1855 195 1866 536; x_wconf 42' lang='lat' dir='ltr'>-d—-mm</span> <span class='ocrx_word' id='word_1_275' title='bbox 1856 151 1857 154; x_wconf 30' lang='grc' dir='ltr'><em>Α</em></span> 
     </span>
    </p>
   </div>
  </div>
 </body>
</html>
