1866 3186
465 281 691 312 WALTERI
725 281 786 311 DE
817 280 1195 312 HEMINGBURGH.
1398 269 1456 312 57

193 395 419 445 occupata
438 391 691 445 possidet.''
761 391 847 433 Cui
871 391 1107 445 respondit
1127 404 1240 433 rex:
1274 390 1450 442 “Quod
1491 395 1663 454 Afftisshffis.

194 456 349 498 dolose
368 458 556 511 recepit,
572 458 815 500 victoriose
839 458 1103 511 recipiam.'’
1141 457 1455 511 Congregavit
1471 462 1671 470 ——‘

194 535 304 576 ergo
348 536 431 564 rex
471 524 667 578 impiger
705 530 751 566 et
790 524 1019 578 promovit
1059 524 1313 565 exercitum
1360 528 1453 564 tam

195 602 429 642 magnum,
452 590 631 640 fortem,
653 596 698 632 et
720 590 939 641 validum,
963 594 1185 643 quantum
1215 591 1262 630 in
1283 589 1458 642 Anglia

195 655 333 696 fuisse
370 656 523 697 nullus
557 669 809 698 memorare
843 656 1006 710 potuit.
1082 655 1338 697 Occurrens
1376 668 1457 696 au·
1476 668 1632 700 Apeaceis

194 725 287 762 tem
309 722 351 763 ei
380 735 461 763 rex
489 722 639 764 David
661 723 785 763 circa
805 721 1086 766 Dunolmum
1110 721 1299 775 pacifice
1331 720 1458 762 locu-
1475 702 1641 732 ⁰⁰⁰⁰¹¹¹d²d’

197 792 271 828 tus
293 793 364 829 est
385 793 432 829 et
454 788 758 829 concordatus
778 792 849 828 est
867 787 929 834 ei;
967 786 1252 840 reddiditque
1271 785 1459 827 Novum
1476 801 1531 825 and
1541 800 1657 826 carnae

197 852 464 904 Castellum,
509 854 589 895 sed
633 866 692 895 ex
735 852 1028 895 concessione
1070 853 1192 906 regis
1238 852 1460 906 Stephani
1475 834 1670 899 ῗῖῗιῗὲιῖἓνω.

198 918 468 960 Karleolum
505 919 708 961 retinuit.
790 919 897 960 Rex
931 924 1086 960 tamen
1130 918 1285 960 David
1323 918 1460 960 homo

195 985 315 1038 regis
346 985 570 1039 Stephani
598 998 690 1027 non
721 992 792 1027 est
813 984 1016 1034 effectus,
1041 985 1149 1038 quia
1178 989 1191 1007 ‘
1209 984 1265 1026 de
1284 980 1459 1026 laicis’¹

195 1051 367 1104 primus
395 1051 574 1106 juravit
596 1051 864 1093 fidelitatem
892 1052 991 1105 ipse
1015 1051 1169 1092 David
1205 1050 1312 1092 filiae
1337 1051 1461 1104 regis

198 1116 390 1158 Henrici
413 1117 588 1159 scilicet
608 1118 735 1171 nepti
765 1130 878 1166 suae,
899 1117 956 1158 de
977 1115 1149 1170 Anglia
1180 1117 1222 1158 ei
1252 1122 1460 1158 manute-

197 1182 348 1224 nenda
380 1189 486 1237 post
517 1188 710 1225 mortem
748 1185 870 1237 regis
915 1182 1119 1224 Hem-ici.
1202 1182 1292 1224 Sed
1339 1183 1461 1224 filius
1478 1200 1585 1243 115915,
1600 1198 1655 1223 na-

198 1249 318 1302 regis
341 1253 354 1271 ‘
373 1246 542 1291 David'
556 1248 573 1271 ²
598 1249 830 1291 Henricus
851 1249 1032 1291 nomine
1062 1249 1199 1290 homo
1223 1249 1344 1302 regis
1366 1249 1462 1290 Ste-
1477 1233 1664 1304 ἔίἓαῗὲἕὲίωι

198 1314 339 1369 phani
376 1315 564 1357 effectus
604 1320 687 1365 est,
735 1316 950 1370 deditque
990 1315 1032 1356 ei
1075 1328 1159 1356 rex
1202 1315 1462 1368 Stephanus
1478 1299 1664 1358 gffiummg-

198 1382 394 1434 burgum
457 1382 577 1436 quod
637 1387 830 1425 vocatur
892 1381 1194 1435 Huntington
1250 1381 1297 1423 in
1348 1394 1463 1435 aug-

199 1453 416 1489 mentum.
1319 1457 1322 1459 ’

432 1603 695 1656 Paozflcatur
721 1617 812 1644 cum
832 1603 939 1660 Reye
958 1603 1238 1645 Francorum.

260 1711 395 1753 Anno
413 1711 597 1753 Domini
614 1722 878 1753 M.cxxxvl.
896 1717 942 1754 et
961 1713 1091 1765 regni
1109 1712 1231 1765 regis
1250 1711 1470 1765 Stephani
1486 1730 1652 1755 A.D.1137.

200 1778 415 1828 secundo,
455 1778 769 1819 transfretavit
807 1778 926 1820 idem
959 1791 1043 1819 rex
1078 1791 1182 1820 cum
1218 1791 1356 1819 manu
1395 1791 1467 1820 ar·
1486 1790 1610 1821 Stephen
1623 1797 1688 1821 κως

201 1850 325 1886 mata
355 1845 402 1885 in
435 1841 783 1895 Normanniam,
806 1850 852 1886 et
882 1844 1038 1886 multis
1068 1845 1234 1886 ibidem
1260 1845 1469 1886 hostibus
1485 1824 1667 1888 ἑῖῗωωη

198 1911 426 1964 superatis
449 1915 495 1952 et
527 1911 757 1961 bellicose,
790 1911 971 1952 tandem
997 1924 1100 1952 cum
1131 1924 1239 1964 rege
1273 1910 1469 1952 Franco-

200 1991 300 2018 rum
342 1977 629 2019 concordiam
672 1977 785 2027 iniit,
817 1982 864 2019 et
907 1977 1181 2019 Eustachius
1221 1977 1341 2018 filius
1372 1977 1471 2031 ejus
1488 1989 1544 2014 and
1556 1988 1678 2014 receives

1488 2023 1537 2047 the
1549 2022 1665 2046 investi-

201 2043 336 2085 homo
362 2044 483 2096 regis
508 2043 789 2085 Francorum
816 2043 1002 2085 effectus
1034 2049 1105 2085 est
1132 2049 1320 2098 propter
1350 2043 1471 2085 Nor-
1489 2059 1551 2080 ture
1564 2055 1665 2112 offmat

201 2110 446 2159 manniam,
463 2123 566 2163 quae
581 2110 860 2151 Francorum
876 2110 1058 2165 adjacet
1073 2111 1274 2164 imperio.
1335 2109 1472 2160 Quod
1489 2089 1691 2147 ἓῖἶιωζξηοὲιιε-

202 2176 359 2217 videns
380 2189 532 2217 comes
554 2175 917 2229 Andegavensis,
939 2177 1018 2229 qui
1037 2176 1177 2218 filiam
1197 2177 1319 2229 regis
1342 2175 1472 2217 Hen-
1489 2158 1560 2180 ‘⁸⁰⁶'

200 2243 282 2283 rici
314 2242 487 2284 scilicet
510 2242 842 2295 imperatricem
873 2242 1086 2292 duxerat,
1117 2247 1164 2284 et
1184 2243 1280 2283 ‘cui
1309 2241 1473 2295 Angli-

201 2309 303 2350 cani
335 2309 462 2362 regni
493 2309 722 2350 successio
754 2306 1099 2362 competebat,’³
1124 2314 1176 2350 ut
1203 2308 1474 2361 praedictum

201 2380 286 2423 est,
322 2375 497 2416 ratione
532 2375 736 2429 ejusdem
778 2375 936 2416 uxoris
978 2388 1089 2424 suae,
1123 2387 1174 2415 se
1219 2374 1393 2415 scilicet
1427 2374 1472 2416 in

202 2441 417 2493 praesenti
447 2441 598 2494 regias
632 2441 753 2482 vires
783 2441 1030 2494 infringere
1064 2454 1155 2482 non
1186 2452 1335 2493 posse,
1367 2439 1474 2482 licet

196 2507 295 2560 jam
318 2511 639 2559 attemptasset
659 2507 705 2547 in
726 2512 871 2560 parte,
885 2507 1026 2560 coepit
1046 2506 1263 2548 continuo
1284 2506 1472 2560 pacifice

205 2573 344 2626 loqui,
373 2579 418 2614 et
445 2572 649 2613 inducias
676 2578 830 2626 petere
859 2586 996 2626 super
1022 2572 1180 2614 eodem
1206 2573 1405 2626 negotio,
1426 2573 1473 2613 in

251 2687 259 2704 ¹
285 2688 435 2719 Omitted
461 2688 494 2718 in
511 2687 609 2719 MSS.
626 2687 713 2719 Con.
725 2687 820 2719 Arm.
902 2683 915 2703 ²
937 2686 1086 2717 Omitted
1108 2686 1141 2717 in
1158 2686 1234 2718 MS.
1251 2686 1336 2718 Coll.
1353 2687 1448 2719 Arm.

204 2735 271 2765 and
288 2734 377 2767 Cott.
392 2735 469 2767 Tib.
902 2731 916 2750 ³
938 2733 1014 2764 ‘cui
1046 2733 1203 2773 Angliam
1240 2733 1474 2773 competebat,'

586 2799 588 2801 -
858 2780 931 2812 MS.
950 2779 1076 2811 Lansd.
