1866 3186
389 254 477 296 324
879 265 1155 295 crmomcon

197 377 364 436 ffesswlffl·
394 368 515 409 rexit
546 381 655 421 ergo
697 369 957 422 speculator
993 369 1070 410 ille
1107 369 1154 409 in
1190 368 1334 410 altum
1376 369 1422 409 in
1455 366 1652 409 clocario

182 428 276 491 Ba'me'
288 466 319 490 „f
359 430 365 436 ’
392 434 592 475 —abbatiae
615 434 694 475 ubi
716 447 866 475 comes
887 434 1036 475 fuerat
1065 433 1339 487 hospitatus,
1362 438 1408 474 et
1438 433 1494 474 de
1529 432 1654 473 claro

185 499 336 525 EV⁶⁸¹¹⁸¹¹²·
397 511 677 552 cognoscens
696 504 709 522 ‘
724 498 934 541 vexilla'¹
961 499 1043 540 filii
1061 499 1182 552 regis
1204 511 1232 539 a
1252 499 1396 540 latere
1417 512 1522 549 uno,
1545 501 1558 520 ‘
1572 498 1650 538 de·

397 563 685 618 posuerant’2
729 565 860 606 enim'
905 570 1014 606 tunc
1057 565 1148 606 alia
1187 564 1374 614 vexilla,
1402 570 1449 605 et
1482 563 1654 605 vexilla

399 631 576 672 comitis
616 630 888 672 Glocestriae
938 643 966 670 a
1008 630 1152 671 latere
1196 630 1358 678 altero,
1389 634 1435 670 et
1481 627 1653 670 vexilla

398 696 605 737 similiter
636 696 810 749 Rogeri
845 696 900 737 de
933 695 1174 737 Mortimer
1204 696 1261 735 ab
1291 693 1524 736 occidente
1546 698 1594 734 et
1627 706 1656 734 a

400 766 547 814 tergo,
567 761 784 803 clamavit
806 761 863 802 ad
887 762 1098 802 comitem
1118 768 1165 801 et
1188 761 1321 810 dixit,
1337 764 1366 782 “
1386 759 1561 801 Mortui
1583 771 1656 799 su-

401 839 502 867 mus
523 839 692 877 omnes,
708 840 798 868 non
814 827 934 867 enim
947 827 1071 868 venit
1086 825 1206 867 filius
1225 831 1332 867 tuus
1354 832 1405 867 ut
1425 825 1657 872 credebas,

402 891 480 932 sed
500 891 621 933 filius
644 893 766 945 regis
792 905 852 933 ex
882 897 1012 946 parte
1042 905 1149 942 una,
1172 904 1321 932 comes
1355 890 1657 933 Gloucestriae

403 970 463 998 ex
505 957 666 1007 altera,
710 962 756 998 et
796 958 1010 1010 Rogerus
1057 957 1112 998 de
1158 957 1397 998 Mox-timer
1429 969 1487 997 ex
1529 960 1658 1009 parte

404 1022 540 1063 tertia
550 1022 590 1073 ;”
613 1028 659 1064 et
674 1023 740 1064 ait
754 1035 920 1072 comes,
937 1026 964 1044 ‘⁸
976 1022 1259 1076 Propitietur
1274 1022 1402 1063 Deus
1419 1021 1659 1062 animabus

404 1088 572 1129 nostris
585 1088 801 1142 quoniam
816 1101 972 1129 eorum
988 1093 1097 1128 sunt
1109 1100 1300 1140 corpora
1313 1087 1523 1137 nostra;”
1545 1099 1660 1140 prae-

405 1153 615 1206 cepitque
637 1158 690 1194 ut
709 1153 1030 1195 confiterentur
1062 1166 1234 1202 omnes,
1258 1158 1304 1194 et
1327 1159 1480 1194 essent
1512 1152 1661 1206 parati

405 1219 452 1259 in
477 1219 687 1271 proelium
713 1219 792 1272 qui
815 1232 898 1272 pro
919 1219 1096 1271 legibus
1118 1225 1250 1259 terrae
1287 1219 1401 1260 mori
1421 1218 1593 1259 vellent
1614 1223 1660 1259 et

406 1296 489 1337 pro
501 1283 709 1338 justitia;
727 1285 805 1338 qui
823 1297 929 1325 vero
947 1297 1029 1337 per
1048 1284 1205 1336 fugam
1226 1297 1274 1325 se
1295 1284 1475 1325 salvare
1496 1283 1662 1325 vellent

407 1354 452 1390 et
491 1349 574 1390 hos
610 1350 791 1403 quidem
833 1349 999 1390 liberos
1035 1350 1160 1391 abire
1194 1349 1436 1403 praecepit:
1469 1361 1661 1400 cumque

407 1414 740 1456 confortaretur
783 1428 811 1455 a
859 1415 1158 1468 primogenito
1214 1428 1297 1455 suo
1357 1414 1559 1454 Henrico
1606 1427 1662 1454 ne

407 1479 669 1532 desperaret
707 1480 754 1520 in
790 1484 1003 1520 eventum
1042 1480 1184 1528 dubii,
1221 1479 1469 1532 respondit,
1507 1478 1663 1519 “Non

408 1544 616 1598 despero,
640 1544 720 1595 fili,
750 1545 829 1586 sed
854 1546 1147 1598 praesumptio
1178 1549 1274 1594 tua,
1304 1550 1350 1585 et
1379 1548 1393 1566 ‘
1410 1543 1663 1597 superbia'³

410 1609 602 1650 fratrum
623 1615 821 1659 tuorum,
844 1623 916 1650 me
951 1610 1009 1651 ad
1039 1610 1160 1650 hunc
1198 1611 1329 1651 finem
1366 1623 1498 1663 quem
1536 1609 1665 1650 vides

411 1674 750 1727 perduxerunt;
785 1680 1096 1725 veruntamen,
1127 1680 1178 1716 ut
1214 1675 1362 1724 credo,
1389 1676 1555 1716 moriar
1584 1688 1667 1727 pro

412 1739 514 1781 Deo
552 1746 598 1782 et
622 1740 853 1794 justitia.’'
921 1739 1174 1782 Armantur
1204 1754 1311 1794 ergo
1344 1754 1499 1781 omnes
1534 1747 1579 1781 et
1609 1741 1667 1781 ad

412 1806 714 1858 proeliandum
747 1806 1076 1859 aliquantisper
1106 1807 1380 1855 animantur,
1404 1807 1483 1847 sed
1505 1811 1551 1846 et
1569 1807 1667 1859 ipse

411 1883 510 1921 rex,
535 1872 613 1924 qui
635 1873 683 1912 in
703 1872 911 1913 custodia
932 1872 1110 1912 comitis
1130 1885 1273 1924 usque
1301 1872 1347 1912 in
1375 1885 1575 1924 praesens
1596 1884 1666 1912 re-

413 1941 660 1986 manserat,
682 1938 836 1986 armis,
859 1941 913 1977 ut
933 1937 1111 1986 dicitur,
1137 1938 1314 1977 comitis
1351 1942 1554 1977 armatus
1582 1942 1665 1979 est.

414 2000 742 2042 Processerunt
777 2014 886 2053 ergo
918 2015 999 2054 per
1032 2006 1206 2042 turmas
1237 2014 1343 2042 suas
1379 2001 1436 2042 ad
1458 2014 1666 2054 pugnan-

415 2065 521 2105 dum
557 2079 639 2118 pro
677 2066 843 2119 patria,
867 2071 914 2106 et
949 2071 1193 2120 antequam
1229 2071 1241 2088 ‘
1262 2066 1531 2120 progressi'⁴
1562 2072 1670 2107 sunt

415 2130 632 2183 fugerunt
653 2131 911 2172 Wallenses
931 2144 960 2172 a
980 2133 1145 2173 comite
1172 2131 1355 2173 Simone
1388 2138 1433 2173 et
1460 2132 1506 2172 in
1526 2137 1671 2173 trans-

417 2196 565 2237 eundo
597 2196 765 2237 fiumen
802 2199 901 2239 Dee
933 2197 1063 2238 multi
1101 2198 1321 2238 submersi
1355 2203 1477 2247 sunt,
1510 2203 1555 2238 et
1600 2211 1670 2238 re·

416 2261 529 2314 liqui
548 2261 696 2302 denuo
711 2262 956 2315 baptizati:
989 2269 1199 2303 conserto
1225 2263 1381 2315 itaque
1403 2264 1534 2315 gravi
1557 2276 1672 2317 proe-

201 2333 345 2398 {2¹2¹ssssssss
417 2326 478 2367 lio
500 2332 766 2368 corruerunt
784 2327 915 2368 multi
940 2341 997 2368 ex
1031 2333 1162 2380 parte
1185 2328 1380 2377 comitis,
1403 2328 1481 2369 sed
1505 2334 1550 2369 et
1573 2330 1671 2381 ipse

201 2406 316 2457 3222?
417 2405 499 2432 rex
521 2405 762 2445 percussus
783 2393 829 2433 in
851 2393 1041 2445 scapula
1069 2393 1284 2433 clamavit
1304 2392 1498 2442 sortiter,
1521 2397 1550 2416 “
1571 2394 1670 2445 Ego

287 2450 294 2457 '
417 2470 518 2498 sum
563 2457 793 2498 Henricus
833 2458 889 2498 de
922 2458 1201 2499 Wincestria
1244 2471 1326 2498 rex
1374 2463 1541 2508 vester,
1582 2471 1673 2498 non

417 2522 637 2563 occidatis
680 2536 751 2563 me
770 2523 812 2563 :'’
849 2528 947 2564 erat
981 2524 1096 2564 enim
1123 2523 1192 2564 vir
1224 2523 1435 2576 simpleX,
1458 2523 1674 2576 pacificus

465 2683 473 2701 ‘
496 2686 506 2701 ‘
519 2685 703 2725 vexillum,'
720 2686 795 2717 MS.
812 2685 900 2718 Cott.
916 2686 992 2717 Tib.
1110 2684 1123 2703 ³
1144 2686 1294 2718 Omitted
1310 2687 1343 2716 in
1360 2686 1435 2717 MS.
1453 2685 1542 2718 Cott.
1551 2687 1625 2716 Tib.

463 2727 476 2745 ²
500 2731 509 2747 ‘
520 2730 745 2772 deposuerat‚’
762 2732 837 2763 MS.
854 2731 943 2764 Cott.
953 2732 1028 2762 Tib.
1110 2730 1121 2748 ⁴
1144 2733 1154 2749 ⁴
1166 2732 1360 2771 congressi,'
1375 2732 1448 2763 MS.
1467 2731 1590 2763 Lansd.
