<?xml version="1.0" encoding="UTF-8"?>
<!DOCTYPE html PUBLIC "-//W3C//DTD XHTML 1.0 Transitional//EN"
    "http://www.w3.org/TR/xhtml1/DTD/xhtml1-transitional.dtd">
<html xmlns="http://www.w3.org/1999/xhtml" xml:lang="en" lang="en">
 <head>
  <title>
</title>
<meta http-equiv="Content-Type" content="text/html;charset=utf-8" />
  <meta name='ocr-system' content='tesseract 3.04.00' />
  <meta name='ocr-capabilities' content='ocr_page ocr_carea ocr_par ocr_line ocrx_word'/>
</head>
<body>
  <div class='ocr_page' id='page_1' title='image "./chronicondominiw01hemiuoft_0292.png"; bbox 0 0 1866 3186; ppageno 0'>
   <div class='ocr_carea' id='block_1_1' title="bbox 381 250 1148 292">
    <p class='ocr_par' dir='ltr' id='par_1_1' title="bbox 381 250 1148 292">
     <span class='ocr_line' id='line_1_1' title="bbox 381 250 1148 292; baseline 0.008 -8"><span class='ocrx_word' id='word_1_1' title='bbox 381 250 467 292; x_wconf 76' lang='lat'><strong>270</strong></span> <span class='ocrx_word' id='word_1_2' title='bbox 870 258 1148 290; x_wconf 82' lang='lat' dir='ltr'><strong>OHRoNlcoN</strong></span> 
     </span>
    </p>
   </div>
   <div class='ocr_carea' id='block_1_2' title="bbox 185 361 1637 413">
    <p class='ocr_par' dir='ltr' id='par_1_2' title="bbox 185 361 1637 413">
     <span class='ocr_line' id='line_1_2' title="bbox 185 361 1637 413; baseline 0.002 -12"><span class='ocrx_word' id='word_1_3' title='bbox 185 377 351 408; x_wconf 72' lang='lat' dir='ltr'><strong>nem-5111.</strong></span> <span class='ocrx_word' id='word_1_4' title='bbox 384 362 575 403; x_wconf 74' lang='lat' dir='ltr'><strong>Hem-ici</strong></span> <span class='ocrx_word' id='word_1_5' title='bbox 596 362 672 403; x_wconf 85' lang='lat' dir='ltr'><strong>avi</strong></span> <span class='ocrx_word' id='word_1_6' title='bbox 699 361 842 402; x_wconf 85' lang='lat' dir='ltr'>nostri</span> <span class='ocrx_word' id='word_1_7' title='bbox 869 373 950 413; x_wconf 90' lang='lat' dir='ltr'><strong>per</strong></span> <span class='ocrx_word' id='word_1_8' title='bbox 977 361 1135 402; x_wconf 87' lang='lat' dir='ltr'><strong>eadem</strong></span> <span class='ocrx_word' id='word_1_9' title='bbox 1158 362 1260 403; x_wconf 85' lang='lat' dir='ltr'><strong>loca</strong></span> <span class='ocrx_word' id='word_1_10' title='bbox 1280 368 1325 403; x_wconf 89' lang='lat' dir='ltr'><strong>et</strong></span> <span class='ocrx_word' id='word_1_11' title='bbox 1347 363 1526 404; x_wconf 89' lang='lat' dir='ltr'><strong>eosdem</strong></span> <span class='ocrx_word' id='word_1_12' title='bbox 1548 367 1637 404; x_wconf 90' lang='lat' dir='ltr'><strong>ter-</strong></span> 
     </span>
    </p>
   </div>
   <div class='ocr_carea' id='block_1_3' title="bbox 184 409 350 436">
    <p class='ocr_par' dir='ltr' id='par_1_3' title="bbox 184 409 350 436">
     <span class='ocr_line' id='line_1_3' title="bbox 184 409 350 436; baseline 0.006 -2"><span class='ocrx_word' id='word_1_13' title='bbox 184 411 218 434; x_wconf 81' lang='lat' dir='ltr'><strong>A.</strong></span> <span class='ocrx_word' id='word_1_14' title='bbox 229 410 264 434; x_wconf 91' lang='lat' dir='ltr'><strong>D.</strong></span> <span class='ocrx_word' id='word_1_15' title='bbox 278 409 350 436; x_wconf 85' lang='lat'><strong>1225.</strong></span> 
     </span>
    </p>
   </div>
   <div class='ocr_carea' id='block_1_4' title="bbox 168 444 367 452">
    <p class='ocr_par' dir='ltr' id='par_1_4' title="bbox 168 444 367 452">
     <span class='ocr_line' id='line_1_4' title="bbox 168 444 367 452; baseline 0 0"><span class='ocrx_word' id='word_1_16' title='bbox 168 444 367 452; x_wconf 95' lang='lat' dir='ltr'><strong> </strong></span> 
     </span>
    </p>
   </div>
   <div class='ocr_carea' id='block_1_5' title="bbox 165 465 278 523">
    <p class='ocr_par' dir='ltr' id='par_1_5' title="bbox 165 465 278 523">
     <span class='ocr_line' id='line_1_5' title="bbox 165 465 271 495; baseline 0.009 -6"><span class='ocrx_word' id='word_1_17' title='bbox 165 465 194 489; x_wconf 89' lang='lat' dir='ltr'>M</span> <span class='ocrx_word' id='word_1_18' title='bbox 199 471 271 495; x_wconf 64' lang='lat' dir='ltr'><strong>agna</strong></span> 
     </span>
     <span class='ocr_line' id='line_1_6' title="bbox 167 498 278 523; baseline 0 0"><span class='ocrx_word' id='word_1_19' title='bbox 167 498 278 523; x_wconf 81' lang='lat' dir='ltr'><strong>Charta.</strong></span> 
     </span>
    </p>
   </div>
   <div class='ocr_carea' id='block_1_6' title="bbox 377 428 1708 2515">
    <p class='ocr_par' dir='ltr' id='par_1_6' title="bbox 377 428 1708 2515">
     <span class='ocr_line' id='line_1_7' title="bbox 382 428 1635 482; baseline 0.002 -14"><span class='ocrx_word' id='word_1_20' title='bbox 382 429 529 469; x_wconf 89' lang='lat' dir='ltr'><strong>minos</strong></span> <span class='ocrx_word' id='word_1_21' title='bbox 579 428 697 468; x_wconf 88' lang='lat' dir='ltr'><strong>sicut</strong></span> <span class='ocrx_word' id='word_1_22' title='bbox 750 439 849 467; x_wconf 90' lang='lat' dir='ltr'><strong>esse</strong></span> <span class='ocrx_word' id='word_1_23' title='bbox 888 432 1225 468; x_wconf 89' lang='lat' dir='ltr'><strong>consueverunt</strong></span> <span class='ocrx_word' id='word_1_24' title='bbox 1283 433 1486 482; x_wconf 89' lang='lat' dir='ltr'><strong>tempore</strong></span> <span class='ocrx_word' id='word_1_25' title='bbox 1539 442 1635 470; x_wconf 89' lang='lat' dir='ltr'><strong>suo.</strong></span> 
     </span>
     <span class='ocr_line' id='line_1_8' title="bbox 385 492 1635 544; baseline 0.002 -10"><span class='ocrx_word' id='word_1_26' title='bbox 385 493 555 535; x_wconf 91' lang='lat' dir='ltr'><strong>Nullus</strong></span> <span class='ocrx_word' id='word_1_27' title='bbox 575 493 844 542; x_wconf 83' lang='lat' dir='ltr'><strong>vicecomes,</strong></span> <span class='ocrx_word' id='word_1_28' title='bbox 861 492 1240 542; x_wconf 75' lang='lat' dir='ltr'><strong>constabularius,</strong></span> <span class='ocrx_word' id='word_1_29' title='bbox 1259 496 1272 514; x_wconf 95' lang='lat'>‘</span> <span class='ocrx_word' id='word_1_30' title='bbox 1289 494 1610 544; x_wconf 62' lang='lat' dir='ltr'><strong>coronatores:</strong></span> <span class='ocrx_word' id='word_1_31' title='bbox 1625 494 1635 515; x_wconf 91' lang='lat'>¹</span> 
     </span>
     <span class='ocr_line' id='line_1_9' title="bbox 383 558 1637 611; baseline 0 -10"><span class='ocrx_word' id='word_1_32' title='bbox 383 559 456 601; x_wconf 90' lang='lat' dir='ltr'><strong>vel</strong></span> <span class='ocrx_word' id='word_1_33' title='bbox 499 559 578 601; x_wconf 87' lang='lat' dir='ltr'><strong>alii</strong></span> <span class='ocrx_word' id='word_1_34' title='bbox 618 558 774 600; x_wconf 89' lang='lat' dir='ltr'><strong>ballivi</strong></span> <span class='ocrx_word' id='word_1_35' title='bbox 816 558 959 599; x_wconf 89' lang='lat' dir='ltr'><strong>nostri</strong></span> <span class='ocrx_word' id='word_1_36' title='bbox 1011 562 1197 599; x_wconf 83' lang='lat' dir='ltr'><strong>teneant</strong></span> <span class='ocrx_word' id='word_1_37' title='bbox 1249 558 1418 611; x_wconf 84' lang='lat' dir='ltr'><strong>placita</strong></span> <span class='ocrx_word' id='word_1_38' title='bbox 1458 572 1637 602; x_wconf 87' lang='lat' dir='ltr'><strong>coronae</strong></span> 
     </span>
     <span class='ocr_line' id='line_1_10' title="bbox 383 623 1705 677; baseline -0.001 -10"><span class='ocrx_word' id='word_1_39' title='bbox 383 629 566 667; x_wconf 84' lang='lat' dir='ltr'><strong>nostrae.</strong></span> <span class='ocrx_word' id='word_1_40' title='bbox 636 624 685 665; x_wconf 91' lang='lat' dir='ltr'><strong>Si</strong></span> <span class='ocrx_word' id='word_1_41' title='bbox 703 623 866 677; x_wconf 88' lang='lat' dir='ltr'><strong>aliquis</strong></span> <span class='ocrx_word' id='word_1_42' title='bbox 881 628 1041 665; x_wconf 90' lang='lat' dir='ltr'><strong>tenens</strong></span> <span class='ocrx_word' id='word_1_43' title='bbox 1056 623 1111 664; x_wconf 94' lang='lat' dir='ltr'><strong>de</strong></span> <span class='ocrx_word' id='word_1_44' title='bbox 1126 623 1257 665; x_wconf 89' lang='lat' dir='ltr'><strong>nobis</strong></span> <span class='ocrx_word' id='word_1_45' title='bbox 1272 624 1439 665; x_wconf 83' lang='lat' dir='ltr'><strong>laicum</strong></span> <span class='ocrx_word' id='word_1_46' title='bbox 1456 625 1637 666; x_wconf 87' lang='lat' dir='ltr'><strong>feodum</strong></span> <span class='ocrx_word' id='word_1_47' title='bbox 1682 630 1705 665; x_wconf 89' lang='lat'><em>5</em></span> 
     </span>
     <span class='ocr_line' id='line_1_11' title="bbox 383 689 1638 740; baseline 0.001 -9"><span class='ocrx_word' id='word_1_48' title='bbox 383 691 618 740; x_wconf 90' lang='lat' dir='ltr'><strong>moriatur,</strong></span> <span class='ocrx_word' id='word_1_49' title='bbox 633 695 678 731; x_wconf 88' lang='lat' dir='ltr'><strong>et</strong></span> <span class='ocrx_word' id='word_1_50' title='bbox 693 690 945 732; x_wconf 82' lang='lat' dir='ltr'><strong>vicecomes</strong></span> <span class='ocrx_word' id='word_1_51' title='bbox 964 689 1035 731; x_wconf 90' lang='lat' dir='ltr'><strong>vel</strong></span> <span class='ocrx_word' id='word_1_52' title='bbox 1048 689 1245 730; x_wconf 82' lang='lat' dir='ltr'><strong>ballivus</strong></span> <span class='ocrx_word' id='word_1_53' title='bbox 1257 694 1410 731; x_wconf 87' lang='lat' dir='ltr'><strong>noster</strong></span> <span class='ocrx_word' id='word_1_54' title='bbox 1427 691 1638 732; x_wconf 86' lang='lat' dir='ltr'><strong>ostendat</strong></span> 
     </span>
     <span class='ocr_line' id='line_1_12' title="bbox 382 755 1638 809; baseline 0 -12"><span class='ocrx_word' id='word_1_55' title='bbox 382 756 539 797; x_wconf 84' lang='lat' dir='ltr'><strong>literas</strong></span> <span class='ocrx_word' id='word_1_56' title='bbox 568 760 748 797; x_wconf 87' lang='lat' dir='ltr'><strong>nostras</strong></span> <span class='ocrx_word' id='word_1_57' title='bbox 779 759 990 809; x_wconf 87' lang='lat' dir='ltr'><strong>patentes</strong></span> <span class='ocrx_word' id='word_1_58' title='bbox 1018 755 1074 796; x_wconf 93' lang='lat' dir='ltr'><strong>de</strong></span> <span class='ocrx_word' id='word_1_59' title='bbox 1101 756 1450 796; x_wconf 88' lang='lat' dir='ltr'><strong>summonitione</strong></span> <span class='ocrx_word' id='word_1_60' title='bbox 1481 761 1638 798; x_wconf 88' lang='lat' dir='ltr'><strong>nostra</strong></span> 
     </span>
     <span class='ocr_line' id='line_1_13' title="bbox 382 821 1636 875; baseline 0.001 -12"><span class='ocrx_word' id='word_1_61' title='bbox 382 822 438 863; x_wconf 91' lang='lat' dir='ltr'><strong>de</strong></span> <span class='ocrx_word' id='word_1_62' title='bbox 452 822 604 863; x_wconf 87' lang='lat' dir='ltr'><strong>debito</strong></span> <span class='ocrx_word' id='word_1_63' title='bbox 621 822 743 875; x_wconf 92' lang='lat' dir='ltr'><strong>quod</strong></span> <span class='ocrx_word' id='word_1_64' title='bbox 761 821 1004 862; x_wconf 89' lang='lat' dir='ltr'><strong>defunctus</strong></span> <span class='ocrx_word' id='word_1_65' title='bbox 1023 821 1153 862; x_wconf 90' lang='lat' dir='ltr'><strong>nobis</strong></span> <span class='ocrx_word' id='word_1_66' title='bbox 1172 821 1343 871; x_wconf 91' lang='lat' dir='ltr'><strong>debuit,</strong></span> <span class='ocrx_word' id='word_1_67' title='bbox 1363 821 1499 863; x_wconf 89' lang='lat' dir='ltr'><strong>liceat</strong></span> <span class='ocrx_word' id='word_1_68' title='bbox 1515 823 1636 864; x_wconf 92' lang='lat' dir='ltr'><strong>vice-</strong></span> 
     </span>
     <span class='ocr_line' id='line_1_14' title="bbox 382 886 1637 929; baseline 0 0"><span class='ocrx_word' id='word_1_69' title='bbox 382 888 536 929; x_wconf 90' lang='lat' dir='ltr'><strong>comiti</strong></span> <span class='ocrx_word' id='word_1_70' title='bbox 569 887 642 928; x_wconf 91' lang='lat' dir='ltr'><strong>vel</strong></span> <span class='ocrx_word' id='word_1_71' title='bbox 673 887 843 929; x_wconf 88' lang='lat' dir='ltr'><strong>ballivo</strong></span> <span class='ocrx_word' id='word_1_72' title='bbox 875 891 1032 928; x_wconf 86' lang='lat' dir='ltr'><strong>nostro</strong></span> <span class='ocrx_word' id='word_1_73' title='bbox 1067 886 1320 928; x_wconf 87' lang='lat' dir='ltr'><strong>attachiare</strong></span> <span class='ocrx_word' id='word_1_74' title='bbox 1351 892 1397 928; x_wconf 88' lang='lat' dir='ltr'><strong>et</strong></span> <span class='ocrx_word' id='word_1_75' title='bbox 1425 888 1637 929; x_wconf 89' lang='lat' dir='ltr'><strong>imbrevi-</strong></span> 
     </span>
     <span class='ocr_line' id='line_1_15' title="bbox 381 951 1708 1009; baseline 0 -15"><span class='ocrx_word' id='word_1_76' title='bbox 381 966 458 994; x_wconf 88' lang='lat' dir='ltr'><strong>are</strong></span> <span class='ocrx_word' id='word_1_77' title='bbox 489 957 501 974; x_wconf 91' lang='lat'>‘</span> <span class='ocrx_word' id='word_1_78' title='bbox 520 951 728 993; x_wconf 77' lang='lat' dir='ltr'><strong>catalla’2</strong></span> <span class='ocrx_word' id='word_1_79' title='bbox 756 952 960 1009; x_wconf 88' lang='lat' dir='ltr'><strong>defuncti</strong></span> <span class='ocrx_word' id='word_1_80' title='bbox 989 953 1177 993; x_wconf 87' lang='lat' dir='ltr'><strong>inventa</strong></span> <span class='ocrx_word' id='word_1_81' title='bbox 1202 953 1249 993; x_wconf 92' lang='lat' dir='ltr'><strong>in</strong></span> <span class='ocrx_word' id='word_1_82' title='bbox 1276 953 1394 994; x_wconf 92' lang='lat' dir='ltr'><strong>laico</strong></span> <span class='ocrx_word' id='word_1_83' title='bbox 1420 953 1552 995; x_wconf 88' lang='lat' dir='ltr'><strong>feodo</strong></span> <span class='ocrx_word' id='word_1_84' title='bbox 1580 954 1636 994; x_wconf 90' lang='lat' dir='ltr'><strong>ad</strong></span> <span class='ocrx_word' id='word_1_85' title='bbox 1659 951 1708 988; x_wconf 90' lang='grc'><strong>10</strong></span> 
     </span>
     <span class='ocr_line' id='line_1_16' title="bbox 380 1017 1637 1071; baseline 0.001 -12"><span class='ocrx_word' id='word_1_86' title='bbox 380 1018 626 1059; x_wconf 88' lang='lat' dir='ltr'><strong>valentiam</strong></span> <span class='ocrx_word' id='word_1_87' title='bbox 650 1018 771 1058; x_wconf 93' lang='lat' dir='ltr'><strong>illius</strong></span> <span class='ocrx_word' id='word_1_88' title='bbox 801 1017 942 1058; x_wconf 91' lang='lat' dir='ltr'><strong>debiti</strong></span> <span class='ocrx_word' id='word_1_89' title='bbox 969 1031 1051 1070; x_wconf 90' lang='lat' dir='ltr'><strong>per</strong></span> <span class='ocrx_word' id='word_1_90' title='bbox 1075 1018 1221 1059; x_wconf 86' lang='lat' dir='ltr'><strong>visum</strong></span> <span class='ocrx_word' id='word_1_91' title='bbox 1248 1018 1464 1071; x_wconf 84' lang='lat' dir='ltr'><strong>legalium</strong></span> <span class='ocrx_word' id='word_1_92' title='bbox 1493 1019 1637 1060; x_wconf 91' lang='lat' dir='ltr'><strong>homi-</strong></span> 
     </span>
     <span class='ocr_line' id='line_1_17' title="bbox 380 1082 1638 1137; baseline 0.002 -13"><span class='ocrx_word' id='word_1_93' title='bbox 380 1097 503 1133; x_wconf 91' lang='lat' dir='ltr'><strong>num,</strong></span> <span class='ocrx_word' id='word_1_94' title='bbox 538 1084 606 1124; x_wconf 87' lang='lat' dir='ltr'><strong>ita</strong></span> <span class='ocrx_word' id='word_1_95' title='bbox 633 1087 787 1124; x_wconf 86' lang='lat' dir='ltr'><strong>tamen</strong></span> <span class='ocrx_word' id='word_1_96' title='bbox 822 1083 942 1137; x_wconf 94' lang='lat' dir='ltr'><strong>quod</strong></span> <span class='ocrx_word' id='word_1_97' title='bbox 972 1087 985 1104; x_wconf 90' lang='lat'>‘</span> <span class='ocrx_word' id='word_1_98' title='bbox 1003 1082 1169 1123; x_wconf 81' lang='lat' dir='ltr'><strong>nihil’³</strong></span> <span class='ocrx_word' id='word_1_99' title='bbox 1199 1089 1466 1125; x_wconf 83' lang='lat' dir='ltr'><strong>amoveatur</strong></span> <span class='ocrx_word' id='word_1_100' title='bbox 1495 1084 1638 1126; x_wconf 91' lang='lat' dir='ltr'><strong>donec</strong></span> 
     </span>
     <span class='ocr_line' id='line_1_18' title="bbox 381 1149 1639 1202; baseline 0.002 -12"><span class='ocrx_word' id='word_1_101' title='bbox 381 1149 671 1202; x_wconf 86' lang='lat' dir='ltr'><strong>persolvatur</strong></span> <span class='ocrx_word' id='word_1_102' title='bbox 694 1150 824 1190; x_wconf 90' lang='lat' dir='ltr'><strong>nobis</strong></span> <span class='ocrx_word' id='word_1_103' title='bbox 854 1149 1055 1190; x_wconf 89' lang='lat' dir='ltr'><strong>debitum</strong></span> <span class='ocrx_word' id='word_1_104' title='bbox 1082 1149 1204 1202; x_wconf 90' lang='lat' dir='ltr'><strong>quod</strong></span> <span class='ocrx_word' id='word_1_105' title='bbox 1225 1150 1397 1190; x_wconf 87' lang='lat' dir='ltr'><strong>clarum</strong></span> <span class='ocrx_word' id='word_1_106' title='bbox 1421 1150 1571 1200; x_wconf 87' lang='lat' dir='ltr'><strong>fuerit,</strong></span> <span class='ocrx_word' id='word_1_107' title='bbox 1593 1157 1639 1192; x_wconf 93' lang='lat' dir='ltr'><strong>et</strong></span> 
     </span>
     <span class='ocr_line' id='line_1_19' title="bbox 380 1215 1636 1268; baseline 0.001 -12"><span class='ocrx_word' id='word_1_108' title='bbox 380 1215 611 1256; x_wconf 85' lang='lat' dir='ltr'><strong>residuum</strong></span> <span class='ocrx_word' id='word_1_109' title='bbox 642 1215 927 1268; x_wconf 84' lang='lat' dir='ltr'><strong>relinquatur</strong></span> <span class='ocrx_word' id='word_1_110' title='bbox 954 1216 1274 1256; x_wconf 88' lang='lat' dir='ltr'><strong>executoribus</strong></span> <span class='ocrx_word' id='word_1_111' title='bbox 1301 1216 1356 1256; x_wconf 92' lang='lat' dir='ltr'><strong>ad</strong></span> <span class='ocrx_word' id='word_1_112' title='bbox 1382 1216 1636 1257; x_wconf 86' lang='lat' dir='ltr'><strong>faciendum</strong></span> 
     </span>
     <span class='ocr_line' id='line_1_20' title="bbox 382 1280 1706 1331; baseline 0 -9"><span class='ocrx_word' id='word_1_113' title='bbox 382 1285 707 1322; x_wconf 86' lang='lat' dir='ltr'><strong>testamentum</strong></span> <span class='ocrx_word' id='word_1_114' title='bbox 737 1280 966 1331; x_wconf 88' lang='lat' dir='ltr'><strong>defuncti;</strong></span> <span class='ocrx_word' id='word_1_115' title='bbox 998 1285 1043 1321; x_wconf 91' lang='lat' dir='ltr'><strong>et</strong></span> <span class='ocrx_word' id='word_1_116' title='bbox 1068 1281 1107 1321; x_wconf 91' lang='lat' dir='ltr'><strong>si</strong></span> <span class='ocrx_word' id='word_1_117' title='bbox 1136 1281 1247 1321; x_wconf 92' lang='lat' dir='ltr'><strong>nihil</strong></span> <span class='ocrx_word' id='word_1_118' title='bbox 1267 1282 1398 1322; x_wconf 90' lang='lat' dir='ltr'><strong>nobis</strong></span> <span class='ocrx_word' id='word_1_119' title='bbox 1419 1282 1639 1323; x_wconf 89' lang='lat' dir='ltr'><strong>debeatur</strong></span> <span class='ocrx_word' id='word_1_120' title='bbox 1659 1286 1706 1322; x_wconf 88' lang='lat'><strong>15</strong></span> 
     </span>
     <span class='ocr_line' id='line_1_21' title="bbox 382 1346 1637 1400; baseline 0.001 -13"><span class='ocrx_word' id='word_1_121' title='bbox 382 1348 440 1387; x_wconf 85' lang='lat' dir='ltr'><strong>ab</strong></span> <span class='ocrx_word' id='word_1_122' title='bbox 480 1347 580 1400; x_wconf 88' lang='lat' dir='ltr'><strong>ipso</strong></span> <span class='ocrx_word' id='word_1_123' title='bbox 620 1347 773 1387; x_wconf 89' lang='lat' dir='ltr'><strong>omnia</strong></span> <span class='ocrx_word' id='word_1_124' title='bbox 810 1346 979 1387; x_wconf 85' lang='lat' dir='ltr'><strong>catalla</strong></span> <span class='ocrx_word' id='word_1_125' title='bbox 1017 1346 1179 1387; x_wconf 88' lang='lat' dir='ltr'><strong>cedant</strong></span> <span class='ocrx_word' id='word_1_126' title='bbox 1224 1346 1452 1396; x_wconf 89' lang='lat' dir='ltr'><strong>defuncto,</strong></span> <span class='ocrx_word' id='word_1_127' title='bbox 1498 1347 1637 1389; x_wconf 91' lang='lat' dir='ltr'><strong>salvis</strong></span> 
     </span>
     <span class='ocr_line' id='line_1_22' title="bbox 382 1409 1637 1465; baseline 0.001 -12"><span class='ocrx_word' id='word_1_128' title='bbox 382 1413 517 1453; x_wconf 90' lang='lat' dir='ltr'><strong>uxori</strong></span> <span class='ocrx_word' id='word_1_129' title='bbox 553 1410 772 1465; x_wconf 72' lang='lat' dir='ltr'><strong>‘ipsius’4</strong></span> <span class='ocrx_word' id='word_1_130' title='bbox 808 1416 854 1452; x_wconf 89' lang='lat' dir='ltr'><strong>et</strong></span> <span class='ocrx_word' id='word_1_131' title='bbox 887 1411 1039 1464; x_wconf 89' lang='lat' dir='ltr'><strong>pueris</strong></span> <span class='ocrx_word' id='word_1_132' title='bbox 1082 1409 1246 1452; x_wconf 86' lang='lat' dir='ltr'><strong>‘suis’⁵</strong></span> <span class='ocrx_word' id='word_1_133' title='bbox 1292 1413 1637 1454; x_wconf 88' lang='lat' dir='ltr'><strong>rationabilibus</strong></span> 
     </span>
     <span class='ocr_line' id='line_1_23' title="bbox 382 1477 1637 1533; baseline 0.002 -15"><span class='ocrx_word' id='word_1_134' title='bbox 382 1478 590 1531; x_wconf 88' lang='lat' dir='ltr'><strong>partibus</strong></span> <span class='ocrx_word' id='word_1_135' title='bbox 626 1477 736 1518; x_wconf 87' lang='lat' dir='ltr'><strong>suis.</strong></span> <span class='ocrx_word' id='word_1_136' title='bbox 807 1477 976 1518; x_wconf 92' lang='lat' dir='ltr'><strong>Nullus</strong></span> <span class='ocrx_word' id='word_1_137' title='bbox 1016 1477 1379 1518; x_wconf 83' lang='lat' dir='ltr'><strong>constabularius</strong></span> <span class='ocrx_word' id='word_1_138' title='bbox 1420 1478 1493 1519; x_wconf 90' lang='lat' dir='ltr'><strong>vel</strong></span> <span class='ocrx_word' id='word_1_139' title='bbox 1537 1478 1637 1533; x_wconf 91' lang='lat' dir='ltr'><strong>ejus</strong></span> 
     </span>
     <span class='ocr_line' id='line_1_24' title="bbox 384 1542 1638 1598; baseline 0.001 -14"><span class='ocrx_word' id='word_1_140' title='bbox 384 1544 581 1585; x_wconf 87' lang='lat' dir='ltr'><strong>ballivus</strong></span> <span class='ocrx_word' id='word_1_141' title='bbox 602 1543 756 1596; x_wconf 86' lang='lat' dir='ltr'><strong>capiat</strong></span> <span class='ocrx_word' id='word_1_142' title='bbox 775 1542 911 1583; x_wconf 85' lang='lat' dir='ltr'><strong>blada</strong></span> <span class='ocrx_word' id='word_1_143' title='bbox 935 1542 1008 1583; x_wconf 91' lang='lat' dir='ltr'><strong>vel</strong></span> <span class='ocrx_word' id='word_1_144' title='bbox 1034 1543 1126 1583; x_wconf 89' lang='lat' dir='ltr'><strong>alia</strong></span> <span class='ocrx_word' id='word_1_145' title='bbox 1146 1543 1315 1584; x_wconf 86' lang='lat' dir='ltr'><strong>catalla</strong></span> <span class='ocrx_word' id='word_1_146' title='bbox 1336 1543 1530 1598; x_wconf 85' lang='lat' dir='ltr'><strong>alicujus</strong></span> <span class='ocrx_word' id='word_1_147' title='bbox 1560 1545 1638 1597; x_wconf 92' lang='lat' dir='ltr'><strong>qui</strong></span> 
     </span>
     <span class='ocr_line' id='line_1_25' title="bbox 383 1608 1706 1657; baseline -0.001 -8"><span class='ocrx_word' id='word_1_148' title='bbox 383 1622 475 1650; x_wconf 92' lang='lat' dir='ltr'><strong>non</strong></span> <span class='ocrx_word' id='word_1_149' title='bbox 498 1609 558 1649; x_wconf 89' lang='lat' dir='ltr'><strong>sit</strong></span> <span class='ocrx_word' id='word_1_150' title='bbox 579 1608 635 1649; x_wconf 92' lang='lat' dir='ltr'><strong>de</strong></span> <span class='ocrx_word' id='word_1_151' title='bbox 660 1608 769 1650; x_wconf 89' lang='lat' dir='ltr'><strong>villa</strong></span> <span class='ocrx_word' id='word_1_152' title='bbox 789 1609 867 1649; x_wconf 91' lang='lat' dir='ltr'><strong>ubi</strong></span> <span class='ocrx_word' id='word_1_153' title='bbox 891 1612 1090 1648; x_wconf 88' lang='lat' dir='ltr'><strong>castrum</strong></span> <span class='ocrx_word' id='word_1_154' title='bbox 1112 1609 1249 1649; x_wconf 92' lang='lat' dir='ltr'><strong>situm</strong></span> <span class='ocrx_word' id='word_1_155' title='bbox 1269 1614 1352 1657; x_wconf 86' lang='lat' dir='ltr'><strong>est,</strong></span> <span class='ocrx_word' id='word_1_156' title='bbox 1377 1610 1462 1650; x_wconf 92' lang='lat' dir='ltr'><strong>nisi</strong></span> <span class='ocrx_word' id='word_1_157' title='bbox 1481 1610 1637 1651; x_wconf 91' lang='lat' dir='ltr'><strong>statim</strong></span> <span class='ocrx_word' id='word_1_158' title='bbox 1655 1612 1706 1648; x_wconf 86' lang='lat'><strong>20</strong></span> 
     </span>
     <span class='ocr_line' id='line_1_26' title="bbox 379 1674 1637 1727; baseline 0.001 -12"><span class='ocrx_word' id='word_1_159' title='bbox 379 1675 483 1715; x_wconf 86' lang='lat' dir='ltr'><strong>inde</strong></span> <span class='ocrx_word' id='word_1_160' title='bbox 502 1674 664 1715; x_wconf 87' lang='lat' dir='ltr'><strong>reddat</strong></span> <span class='ocrx_word' id='word_1_161' title='bbox 684 1674 908 1723; x_wconf 90' lang='lat' dir='ltr'><strong>denarios,</strong></span> <span class='ocrx_word' id='word_1_162' title='bbox 937 1679 1017 1714; x_wconf 88' lang='lat' dir='ltr'><strong>aut</strong></span> <span class='ocrx_word' id='word_1_163' title='bbox 1046 1679 1303 1727; x_wconf 90' lang='lat' dir='ltr'><strong>respectum</strong></span> <span class='ocrx_word' id='word_1_164' title='bbox 1335 1675 1438 1716; x_wconf 91' lang='lat' dir='ltr'><strong>inde</strong></span> <span class='ocrx_word' id='word_1_165' title='bbox 1470 1675 1637 1716; x_wconf 89' lang='lat' dir='ltr'><strong>habere</strong></span> 
     </span>
     <span class='ocr_line' id='line_1_27' title="bbox 380 1739 1637 1794; baseline 0.001 -13"><span class='ocrx_word' id='word_1_166' title='bbox 380 1740 525 1794; x_wconf 91' lang='lat' dir='ltr'><strong>possit</strong></span> <span class='ocrx_word' id='word_1_167' title='bbox 557 1740 612 1780; x_wconf 90' lang='lat' dir='ltr'><strong>de</strong></span> <span class='ocrx_word' id='word_1_168' title='bbox 634 1740 872 1781; x_wconf 88' lang='lat' dir='ltr'><strong>voluntate</strong></span> <span class='ocrx_word' id='word_1_169' title='bbox 903 1739 1168 1789; x_wconf 87' lang='lat' dir='ltr'><strong>venditoris,</strong></span> <span class='ocrx_word' id='word_1_170' title='bbox 1199 1741 1238 1781; x_wconf 91' lang='lat' dir='ltr'><strong>si</strong></span> <span class='ocrx_word' id='word_1_171' title='bbox 1271 1745 1424 1781; x_wconf 88' lang='lat' dir='ltr'><strong>autem</strong></span> <span class='ocrx_word' id='word_1_172' title='bbox 1448 1741 1504 1782; x_wconf 91' lang='lat' dir='ltr'><strong>de</strong></span> <span class='ocrx_word' id='word_1_173' title='bbox 1526 1741 1637 1782; x_wconf 92' lang='lat' dir='ltr'><strong>villa</strong></span> 
     </span>
     <span class='ocr_line' id='line_1_28' title="bbox 378 1805 1635 1860; baseline 0 -13"><span class='ocrx_word' id='word_1_174' title='bbox 378 1806 480 1860; x_wconf 89' lang='lat' dir='ltr'><strong>ipsa</strong></span> <span class='ocrx_word' id='word_1_175' title='bbox 499 1806 636 1847; x_wconf 86' lang='lat' dir='ltr'><strong>fuerit</strong></span> <span class='ocrx_word' id='word_1_176' title='bbox 655 1805 774 1846; x_wconf 87' lang='lat' dir='ltr'><strong>infra</strong></span> <span class='ocrx_word' id='word_1_177' title='bbox 795 1805 1100 1858; x_wconf 82' lang='lat' dir='ltr'><strong>quadraginta</strong></span> <span class='ocrx_word' id='word_1_178' title='bbox 1124 1805 1220 1846; x_wconf 93' lang='lat' dir='ltr'><strong>dies</strong></span> <span class='ocrx_word' id='word_1_179' title='bbox 1243 1807 1439 1859; x_wconf 86' lang='lat' dir='ltr'><strong>pretium</strong></span> <span class='ocrx_word' id='word_1_180' title='bbox 1461 1807 1635 1848; x_wconf 87' lang='lat' dir='ltr'><strong>reddat.</strong></span> 
     </span>
     <span class='ocr_line' id='line_1_29' title="bbox 381 1870 1636 1924; baseline -0.001 -11"><span class='ocrx_word' id='word_1_181' title='bbox 381 1871 552 1913; x_wconf 92' lang='lat' dir='ltr'><strong>Nullus</strong></span> <span class='ocrx_word' id='word_1_182' title='bbox 582 1871 944 1912; x_wconf 82' lang='lat' dir='ltr'><strong>constabularius</strong></span> <span class='ocrx_word' id='word_1_183' title='bbox 965 1870 1207 1922; x_wconf 83' lang='lat' dir='ltr'><strong>distringat</strong></span> <span class='ocrx_word' id='word_1_184' title='bbox 1233 1871 1430 1924; x_wconf 91' lang='lat' dir='ltr'><strong>aliquem</strong></span> <span class='ocrx_word' id='word_1_185' title='bbox 1449 1872 1636 1913; x_wconf 86' lang='lat' dir='ltr'><strong>militem</strong></span> 
     </span>
     <span class='ocr_line' id='line_1_30' title="bbox 381 1935 1704 1990; baseline 0.001 -12"><span class='ocrx_word' id='word_1_186' title='bbox 381 1937 438 1978; x_wconf 85' lang='lat' dir='ltr'><strong>ad</strong></span> <span class='ocrx_word' id='word_1_187' title='bbox 471 1937 669 1977; x_wconf 88' lang='lat' dir='ltr'><strong>dandum</strong></span> <span class='ocrx_word' id='word_1_188' title='bbox 697 1935 907 1976; x_wconf 88' lang='lat' dir='ltr'><strong>denarios</strong></span> <span class='ocrx_word' id='word_1_189' title='bbox 932 1948 1015 1988; x_wconf 88' lang='lat' dir='ltr'><strong>pro</strong></span> <span class='ocrx_word' id='word_1_190' title='bbox 1043 1936 1253 1977; x_wconf 90' lang='lat' dir='ltr'><strong>custodia</strong></span> <span class='ocrx_word' id='word_1_191' title='bbox 1286 1938 1440 1986; x_wconf 87' lang='lat' dir='ltr'><strong>castri,</strong></span> <span class='ocrx_word' id='word_1_192' title='bbox 1466 1938 1505 1978; x_wconf 90' lang='lat' dir='ltr'><strong>si</strong></span> <span class='ocrx_word' id='word_1_193' title='bbox 1537 1938 1635 1990; x_wconf 90' lang='lat' dir='ltr'><strong>ipse</strong></span> <span class='ocrx_word' id='word_1_194' title='bbox 1654 1944 1704 1980; x_wconf 85' lang='lat'><strong>25</strong></span> 
     </span>
     <span class='ocr_line' id='line_1_31' title="bbox 379 2000 1635 2054; baseline 0.002 -12"><span class='ocrx_word' id='word_1_195' title='bbox 379 2015 477 2042; x_wconf 91' lang='lat' dir='ltr'><strong>eam</strong></span> <span class='ocrx_word' id='word_1_196' title='bbox 507 2002 657 2042; x_wconf 87' lang='lat' dir='ltr'><strong>facere</strong></span> <span class='ocrx_word' id='word_1_197' title='bbox 688 2000 887 2041; x_wconf 89' lang='lat' dir='ltr'><strong>voluerit</strong></span> <span class='ocrx_word' id='word_1_198' title='bbox 912 2000 958 2041; x_wconf 94' lang='lat' dir='ltr'><strong>in</strong></span> <span class='ocrx_word' id='word_1_199' title='bbox 990 2001 1176 2054; x_wconf 84' lang='lat' dir='ltr'><strong>propria</strong></span> <span class='ocrx_word' id='word_1_200' title='bbox 1206 2014 1403 2054; x_wconf 87' lang='lat' dir='ltr'><strong>persona</strong></span> <span class='ocrx_word' id='word_1_201' title='bbox 1429 2015 1528 2052; x_wconf 91' lang='lat' dir='ltr'><strong>sua,</strong></span> <span class='ocrx_word' id='word_1_202' title='bbox 1562 2003 1635 2044; x_wconf 88' lang='lat' dir='ltr'><strong>vel</strong></span> 
     </span>
     <span class='ocr_line' id='line_1_32' title="bbox 378 2061 1636 2120; baseline 0.002 -13"><span class='ocrx_word' id='word_1_203' title='bbox 378 2080 460 2120; x_wconf 90' lang='lat' dir='ltr'><strong>per</strong></span> <span class='ocrx_word' id='word_1_204' title='bbox 483 2067 621 2107; x_wconf 91' lang='lat' dir='ltr'><strong>alium</strong></span> <span class='ocrx_word' id='word_1_205' title='bbox 641 2067 833 2120; x_wconf 91' lang='lat' dir='ltr'><strong>probum</strong></span> <span class='ocrx_word' id='word_1_206' title='bbox 856 2070 869 2088; x_wconf 87' lang='lat'>‘</span> <span class='ocrx_word' id='word_1_207' title='bbox 883 2063 1120 2107; x_wconf 89' lang='lat' dir='ltr'><strong>hominem’</strong></span> <span class='ocrx_word' id='word_1_208' title='bbox 1135 2061 1152 2089; x_wconf 79' lang='lat'>⁶</span> <span class='ocrx_word' id='word_1_209' title='bbox 1186 2068 1225 2108; x_wconf 91' lang='lat' dir='ltr'><strong>si</strong></span> <span class='ocrx_word' id='word_1_210' title='bbox 1246 2067 1344 2120; x_wconf 91' lang='lat' dir='ltr'><strong>ipse</strong></span> <span class='ocrx_word' id='word_1_211' title='bbox 1365 2081 1465 2108; x_wconf 87' lang='lat' dir='ltr'><strong>eam</strong></span> <span class='ocrx_word' id='word_1_212' title='bbox 1488 2068 1636 2109; x_wconf 84' lang='lat' dir='ltr'><strong>facere</strong></span> 
     </span>
     <span class='ocr_line' id='line_1_33' title="bbox 379 2132 1636 2185; baseline 0.002 -13"><span class='ocrx_word' id='word_1_213' title='bbox 379 2146 470 2174; x_wconf 92' lang='lat' dir='ltr'><strong>non</strong></span> <span class='ocrx_word' id='word_1_214' title='bbox 504 2133 651 2185; x_wconf 88' lang='lat' dir='ltr'><strong>possit</strong></span> <span class='ocrx_word' id='word_1_215' title='bbox 685 2136 871 2185; x_wconf 89' lang='lat' dir='ltr'><strong>propter</strong></span> <span class='ocrx_word' id='word_1_216' title='bbox 909 2132 1225 2173; x_wconf 89' lang='lat' dir='ltr'><strong>rationabilem</strong></span> <span class='ocrx_word' id='word_1_217' title='bbox 1260 2146 1475 2181; x_wconf 85' lang='lat' dir='ltr'><strong>causam;</strong></span> <span class='ocrx_word' id='word_1_218' title='bbox 1523 2139 1569 2174; x_wconf 91' lang='lat' dir='ltr'><strong>et</strong></span> <span class='ocrx_word' id='word_1_219' title='bbox 1598 2135 1636 2175; x_wconf 90' lang='lat' dir='ltr'><strong>si</strong></span> 
     </span>
     <span class='ocr_line' id='line_1_34' title="bbox 379 2194 1636 2240; baseline 0.002 -2"><span class='ocrx_word' id='word_1_220' title='bbox 379 2211 462 2239; x_wconf 92' lang='lat' dir='ltr'><strong>nos</strong></span> <span class='ocrx_word' id='word_1_221' title='bbox 487 2202 499 2220; x_wconf 88' lang='lat'>‘</span> <span class='ocrx_word' id='word_1_222' title='bbox 515 2194 792 2239; x_wconf 84' lang='lat' dir='ltr'><strong>duxerimus&#39;</strong></span> <span class='ocrx_word' id='word_1_223' title='bbox 803 2195 819 2221; x_wconf 82' lang='lat'>⁷</span> <span class='ocrx_word' id='word_1_224' title='bbox 844 2209 945 2238; x_wconf 93' lang='lat' dir='ltr'><strong>eum</strong></span> <span class='ocrx_word' id='word_1_225' title='bbox 966 2198 1038 2238; x_wconf 87' lang='lat' dir='ltr'><strong>vel</strong></span> <span class='ocrx_word' id='word_1_226' title='bbox 1059 2199 1311 2239; x_wconf 90' lang='lat' dir='ltr'><strong>miserimus</strong></span> <span class='ocrx_word' id='word_1_227' title='bbox 1324 2200 1371 2239; x_wconf 94' lang='lat' dir='ltr'><strong>in</strong></span> <span class='ocrx_word' id='word_1_228' title='bbox 1387 2200 1636 2240; x_wconf 87' lang='lat' dir='ltr'><strong>exercitum</strong></span> 
     </span>
     <span class='ocr_line' id='line_1_35' title="bbox 380 2262 1705 2318; baseline 0.002 -15"><span class='ocrx_word' id='word_1_229' title='bbox 380 2267 392 2285; x_wconf 94' lang='lat'>‘</span> <span class='ocrx_word' id='word_1_230' title='bbox 410 2264 510 2304; x_wconf 89' lang='lat' dir='ltr'><strong>erit&#39;</strong></span> <span class='ocrx_word' id='word_1_231' title='bbox 523 2262 540 2285; x_wconf 66' lang='grc' dir='ltr'><strong>Β</strong></span> <span class='ocrx_word' id='word_1_232' title='bbox 563 2264 743 2317; x_wconf 92' lang='lat' dir='ltr'><strong>quietus</strong></span> <span class='ocrx_word' id='word_1_233' title='bbox 764 2262 819 2303; x_wconf 91' lang='lat' dir='ltr'><strong>de</strong></span> <span class='ocrx_word' id='word_1_234' title='bbox 839 2263 1048 2304; x_wconf 88' lang='lat' dir='ltr'><strong>custodia</strong></span> <span class='ocrx_word' id='word_1_235' title='bbox 1068 2265 1316 2305; x_wconf 91' lang='lat' dir='ltr'><strong>secundum</strong></span> <span class='ocrx_word' id='word_1_236' title='bbox 1334 2266 1636 2318; x_wconf 83' lang='lat' dir='ltr'><strong>quantitatem</strong></span> <span class='ocrx_word' id='word_1_237' title='bbox 1655 2270 1705 2307; x_wconf 87' lang='grc'><strong>30</strong></span> 
     </span>
     <span class='ocr_line' id='line_1_36' title="bbox 379 2329 1636 2382; baseline 0.001 -12"><span class='ocrx_word' id='word_1_238' title='bbox 379 2330 597 2382; x_wconf 86' lang='lat' dir='ltr'><strong>temporis</strong></span> <span class='ocrx_word' id='word_1_239' title='bbox 621 2341 711 2382; x_wconf 93' lang='lat' dir='ltr'><strong>quo</strong></span> <span class='ocrx_word' id='word_1_240' title='bbox 732 2341 813 2381; x_wconf 91' lang='lat' dir='ltr'><strong>per</strong></span> <span class='ocrx_word' id='word_1_241' title='bbox 833 2341 916 2369; x_wconf 91' lang='lat' dir='ltr'><strong>nos</strong></span> <span class='ocrx_word' id='word_1_242' title='bbox 942 2329 1077 2369; x_wconf 85' lang='lat' dir='ltr'><strong>fuerit</strong></span> <span class='ocrx_word' id='word_1_243' title='bbox 1107 2330 1153 2370; x_wconf 93' lang='lat' dir='ltr'><strong>in</strong></span> <span class='ocrx_word' id='word_1_244' title='bbox 1183 2331 1389 2371; x_wconf 87' lang='lat' dir='ltr'><strong>exercitu</strong></span> <span class='ocrx_word' id='word_1_245' title='bbox 1418 2331 1474 2371; x_wconf 91' lang='lat' dir='ltr'><strong>de</strong></span> <span class='ocrx_word' id='word_1_246' title='bbox 1504 2330 1636 2372; x_wconf 89' lang='lat' dir='ltr'><strong>feodo</strong></span> 
     </span>
     <span class='ocr_line' id='line_1_37' title="bbox 379 2394 1638 2447; baseline 0.002 -12"><span class='ocrx_word' id='word_1_247' title='bbox 379 2407 461 2447; x_wconf 89' lang='lat' dir='ltr'><strong>pro</strong></span> <span class='ocrx_word' id='word_1_248' title='bbox 482 2407 573 2447; x_wconf 89' lang='lat' dir='ltr'><strong>quo</strong></span> <span class='ocrx_word' id='word_1_249' title='bbox 595 2394 701 2435; x_wconf 86' lang='lat' dir='ltr'><strong>fecit</strong></span> <span class='ocrx_word' id='word_1_250' title='bbox 722 2394 958 2435; x_wconf 82' lang='lat' dir='ltr'><strong>servitium</strong></span> <span class='ocrx_word' id='word_1_251' title='bbox 978 2395 1025 2434; x_wconf 94' lang='lat' dir='ltr'><strong>in</strong></span> <span class='ocrx_word' id='word_1_252' title='bbox 1045 2395 1261 2436; x_wconf 86' lang='lat' dir='ltr'><strong>exercitu.</strong></span> <span class='ocrx_word' id='word_1_253' title='bbox 1333 2395 1503 2437; x_wconf 91' lang='lat' dir='ltr'><strong>Nullus</strong></span> <span class='ocrx_word' id='word_1_254' title='bbox 1519 2397 1638 2437; x_wconf 89' lang='lat' dir='ltr'><strong>vice-</strong></span> 
     </span>
     <span class='ocr_line' id='line_1_38' title="bbox 377 2459 1638 2515; baseline 0.002 -15"><span class='ocrx_word' id='word_1_255' title='bbox 377 2473 546 2508; x_wconf 90' lang='lat' dir='ltr'><strong>comes,</strong></span> <span class='ocrx_word' id='word_1_256' title='bbox 585 2460 658 2500; x_wconf 93' lang='lat' dir='ltr'><strong>vel</strong></span> <span class='ocrx_word' id='word_1_257' title='bbox 697 2459 894 2501; x_wconf 88' lang='lat' dir='ltr'><strong>ballivus</strong></span> <span class='ocrx_word' id='word_1_258' title='bbox 935 2465 1104 2509; x_wconf 84' lang='lat' dir='ltr'><strong>noster,</strong></span> <span class='ocrx_word' id='word_1_259' title='bbox 1141 2461 1213 2501; x_wconf 90' lang='lat' dir='ltr'><strong>vel</strong></span> <span class='ocrx_word' id='word_1_260' title='bbox 1263 2460 1453 2501; x_wconf 87' lang='lat' dir='ltr'><strong>‘alius&#39;9</strong></span> <span class='ocrx_word' id='word_1_261' title='bbox 1486 2462 1638 2515; x_wconf 86' lang='lat' dir='ltr'><strong>capiat</strong></span> 
     </span>
    </p>
   </div>
   <div class='ocr_carea' id='block_1_7' title="bbox 424 2566 1438 2790">
    <p class='ocr_par' dir='ltr' id='par_1_7' title="bbox 424 2566 1438 2693">
     <span class='ocr_line' id='line_1_39' title="bbox 425 2566 1438 2603; baseline 0.002 -3"><span class='ocrx_word' id='word_1_262' title='bbox 425 2568 434 2588; x_wconf 89' lang='lat'>¹</span> <span class='ocrx_word' id='word_1_263' title='bbox 461 2570 471 2586; x_wconf 92' lang='lat'>‘</span> <span class='ocrx_word' id='word_1_264' title='bbox 482 2566 678 2601; x_wconf 86' lang='lat' dir='ltr'><strong>coronator.&#39;</strong></span> <span class='ocrx_word' id='word_1_265' title='bbox 1071 2569 1084 2589; x_wconf 79' lang='lat'><strong>⁶</strong></span> <span class='ocrx_word' id='word_1_266' title='bbox 1107 2572 1117 2588; x_wconf 86' lang='lat'>‘</span> <span class='ocrx_word' id='word_1_267' title='bbox 1130 2571 1295 2603; x_wconf 89' lang='lat' dir='ltr'><strong>hominem</strong></span> <span class='ocrx_word' id='word_1_268' title='bbox 1311 2571 1438 2603; x_wconf 63' lang='lat' dir='ltr'><strong>faciat!</strong></span> 
     </span>
     <span class='ocr_line' id='line_1_40' title="bbox 424 2613 904 2647; baseline 0.002 -1"><span class='ocrx_word' id='word_1_269' title='bbox 424 2613 437 2633; x_wconf 79' lang='lat'>²</span> <span class='ocrx_word' id='word_1_270' title='bbox 459 2615 469 2632; x_wconf 86' lang='lat'>‘</span> <span class='ocrx_word' id='word_1_271' title='bbox 481 2617 591 2647; x_wconf 85' lang='lat' dir='ltr'><strong>omnia</strong></span> <span class='ocrx_word' id='word_1_272' title='bbox 607 2617 694 2647; x_wconf 82' lang='lat' dir='ltr'><strong>bona</strong></span> <span class='ocrx_word' id='word_1_273' title='bbox 709 2619 743 2647; x_wconf 87' lang='lat' dir='ltr'><strong>et</strong></span> <span class='ocrx_word' id='word_1_274' title='bbox 757 2616 904 2647; x_wconf 69' lang='lat' dir='ltr'><strong>catalla!</strong></span> 
     </span>
     <span class='ocr_line' id='line_1_41' title="bbox 424 2659 682 2693; baseline 0.012 -3"><span class='ocrx_word' id='word_1_275' title='bbox 424 2659 437 2678; x_wconf 83' lang='lat'><strong>³</strong></span> <span class='ocrx_word' id='word_1_276' title='bbox 458 2662 467 2678; x_wconf 89' lang='lat'>‘</span> <span class='ocrx_word' id='word_1_277' title='bbox 481 2662 564 2691; x_wconf 88' lang='lat' dir='ltr'><strong>nihil</strong></span> <span class='ocrx_word' id='word_1_278' title='bbox 580 2661 682 2693; x_wconf 84' lang='lat' dir='ltr'><strong>inde.’</strong></span> 
     </span>
    </p>

    <p class='ocr_par' dir='ltr' id='par_1_8' title="bbox 424 2694 1196 2745">
     <span class='ocr_line' id='line_1_42' title="bbox 424 2694 1196 2745; baseline 0.005 -23"><span class='ocrx_word' id='word_1_279' title='bbox 424 2704 436 2722; x_wconf 79' lang='grc'><strong>4</strong></span> <span class='ocrx_word' id='word_1_280' title='bbox 460 2707 470 2723; x_wconf 70' lang='grc' dir='ltr'><strong><em>ι</em></strong></span> <span class='ocrx_word' id='word_1_281' title='bbox 483 2707 580 2745; x_wconf 46' lang='lat' dir='ltr'><strong>ejus.»</strong></span> <span class='ocrx_word' id='word_1_282' title='bbox 1072 2694 1083 2712; x_wconf 79' lang='lat'>⁸</span> <span class='ocrx_word' id='word_1_283' title='bbox 1106 2696 1115 2713; x_wconf 85' lang='lat'>‘</span> <span class='ocrx_word' id='word_1_284' title='bbox 1128 2696 1196 2727; x_wconf 49' lang='grc' dir='ltr'><strong>Βῆ]</strong></span> 
     </span>
    </p>

    <p class='ocr_par' dir='ltr' id='par_1_9' title="bbox 424 2749 1375 2790">
     <span class='ocr_line' id='line_1_43' title="bbox 424 2749 1375 2790; baseline 0 -9"><span class='ocrx_word' id='word_1_285' title='bbox 424 2750 437 2767; x_wconf 73' lang='lat'><strong>⁶</strong></span> <span class='ocrx_word' id='word_1_286' title='bbox 459 2754 468 2769; x_wconf 79' lang='lat'>⁴</span> <span class='ocrx_word' id='word_1_287' title='bbox 481 2753 610 2790; x_wconf 58' lang='lat' dir='ltr'><strong>ipsius?</strong></span> <span class='ocrx_word' id='word_1_288' title='bbox 1070 2749 1082 2768; x_wconf 83' lang='lat'><em>9</em></span> <span class='ocrx_word' id='word_1_289' title='bbox 1105 2752 1249 2790; x_wconf 80' lang='lat' dir='ltr'><strong>‘aliquis</strong></span> <span class='ocrx_word' id='word_1_290' title='bbox 1265 2751 1375 2781; x_wconf 86' lang='lat' dir='ltr'><strong>alius.’</strong></span> 
     </span>
    </p>
   </div>
   <div class='ocr_carea' id='block_1_8' title="bbox 1069 2631 1393 2665">
    <p class='ocr_par' dir='ltr' id='par_1_10' title="bbox 1069 2631 1393 2665">
     <span class='ocr_line' id='line_1_44' title="bbox 1069 2631 1393 2665; baseline 0 -1"><span class='ocrx_word' id='word_1_291' title='bbox 1069 2631 1082 2651; x_wconf 94' lang='lat'><strong>⁷</strong></span> <span class='ocrx_word' id='word_1_292' title='bbox 1105 2634 1114 2650; x_wconf 92' lang='lat'>‘</span> <span class='ocrx_word' id='word_1_293' title='bbox 1127 2633 1393 2665; x_wconf 87' lang='lat' dir='ltr'><strong>adduxerimus.&#39;</strong></span> 
     </span>
    </p>
   </div>
  </div>
 </body>
</html>
