1866 3186
204 427 328 452 menard
341 426 365 452 1.

197 460 232 485 A.
247 460 281 485 D.
296 461 370 485 1191.

187 515 286 540 Prince
299 515 374 540 John

184 548 271 573 raises
284 555 320 573 an

187 588 274 613 army.

191 1202 318 1245 ceoffxey
329 1213 354 1238 is

192 1247 325 1273 released.

195 2140 255 2165 The
267 2139 358 2165 (than-

196 2173 281 2198 cellor

197 2208 317 2231 retreats

195 2242 224 2264 to
237 2239 363 2264 London.

199 2461 313 2486 Throws
323 2462 396 2486 him-

197 2494 254 2519 sels
263 2495 321 2519 into
334 2496 381 2520 the

198 2527 303 2557 Tower,

398 301 484 344 178
735 321 739 325 .
753 331 773 347 -,
895 311 1173 343 οΗιῑοΝιοοΝ

402 421 449 458 et
488 417 705 458 ultionem
740 415 998 470 justissimo
1052 421 1179 458 motu
1219 417 1408 458 exarsit.
1499 416 1666 469 Itaque

403 482 674 524 festinanter
719 482 1012 535 congregatis
1060 494 1116 523 ex
1164 483 1287 523 omni
1326 488 1449 524 terra
1482 482 1666 523 ditionis

402 561 499 590 suae
526 561 701 589 necnon
737 552 784 589 et
813 561 871 588 ex
904 548 1089 600 regione
1109 547 1384 590 Walliarum
1403 548 1666 600 ingentibus

404 613 549 668 copiis
579 613 867 668 properabat.
939 612 1026 654 Cui
1059 626 1167 654 mox
1206 625 1440 655 accessere
1470 614 1663 655 barones

404 680 588 734 plurimi
625 679 920 733 comitesque,
964 684 1011 720 et
1053 679 1384 721 Wintoniensis
1422 679 1663 732 episcopus

405 758 506 787 cum
534 745 699 787 militia
719 746 932 798 copiosa3
965 758 1048 786 nec
1076 745 1260 787 defuere
1290 745 1494 798 episcopi
1522 744 1664 785 Bato-

405 811 575 852 niensis
606 815 651 852 et
682 810 952 860 Cestrensis,
977 811 1055 864 qui
1087 811 1224 864 paulo
1256 816 1363 852 ante
1389 810 1665 864 principales

406 876 664 918 cancellarii
696 877 940 930 complices
970 881 1017 917 et
1050 877 1252 918 fautores
1275 878 1554 926 extiterant3
1586 876 1663 916 sed

407 942 660 996 tyrannicis
703 942 804 996 ejus
851 942 1049 983 motibus
1103 948 1150 983 et
1196 943 1493 984 immoderato
1543 941 1663 982 fastu

407 1007 581 1057 offensi,
620 1017 722 1048 cum
762 1008 941 1048 caeteris
970 1008 1108 1048 immo
1138 1021 1234 1061 prae
1264 1009 1442 1049 caeteris
1477 1008 1523 1048 in
1563 1021 1663 1048 eum

408 1077 517 1114 tunc
541 1073 711 1125 linguis
743 1073 877 1113 simul
910 1077 956 1113 et
983 1074 1148 1114 animis
1179 1073 1455 1114 saeviebant:
1493 1074 1665 1113 cancel-

408 1139 550 1179 larius
575 1151 700 1188 vero,
721 1150 824 1179 sera
838 1138 1121 1191 poenitudine
1146 1140 1425 1187 stimulatus,
1449 1139 1667 1192 praecepit

409 1204 642 1257 captivum
682 1203 882 1244 relaxari
917 1204 1192 1257 pontificem.
1263 1204 1328 1246 At
1362 1218 1469 1246 vero
1494 1217 1668 1257 praesu-

410 1270 502 1311 lum
524 1282 855 1323 procerumque
886 1270 1009 1310 zelus
1033 1270 1173 1311 semel
1203 1282 1421 1312 accensus
1453 1271 1552 1325 ejus
1575 1283 1665 1311 non

411 1336 562 1388 potuit
574 1336 859 1377 relaxatione
886 1335 1063 1377 sedari:
1097 1336 1394 1377 cancellarius
1417 1349 1541 1384 vero,
1562 1349 1664 1376 cum

411 1406 533 1451 esset
578 1401 718 1442 animi
763 1400 939 1442 robusti
982 1406 1028 1441 et
1070 1401 1206 1453 rigidi
1248 1403 1565 1443 necessitatem
1609 1402 1663 1442 ad

411 1467 698 1508 alacritatem
730 1466 931 1515 trahens,
967 1467 1215 1508 amicorum
1247 1471 1293 1507 et
1317 1468 1511 1508 militum
1539 1480 1667 1520 pere-

411 1533 643 1585 grinorum
679 1532 871 1586 stipavit
902 1544 951 1572 se
988 1533 1147 1585 copiis,
1179 1533 1398 1586 stetitque
1429 1534 1475 1573 in
1507 1546 1667 1586 campo

412 1611 503 1639 non
535 1598 671 1651 longe
705 1611 733 1638 a
763 1597 1047 1645 windesora,
1073 1598 1244 1647 hostes,
1271 1599 1309 1638 si
1340 1598 1456 1639 forte
1480 1612 1666 1652 progre-

412 1663 624 1704 diendum
655 1667 887 1717 putarent,
915 1669 1104 1717 paratus
1131 1664 1368 1717 excipere:
1403 1677 1558 1705 verum
1589 1665 1668 1705 ad-

413 1730 644 1770 ventantis
672 1730 902 1772 exercitius
923 1742 1112 1770 numero
1133 1734 1179 1770 et
1199 1729 1367 1771 fiducia
1390 1731 1576 1771 territus
1599 1744 1668 1771 re-

411 1795 616 1848 trogradi
640 1796 792 1849 coepit.
855 1794 971 1851 Mox
1004 1795 1275 1848 quibusdam
1298 1796 1562 1848 potentibus
1593 1797 1671 1849 qui

410 1872 513 1901 cum
539 1873 593 1901 eo
624 1874 724 1902 esse
744 1860 1017 1902 videbantur
1040 1861 1382 1902 transeuntibus
1407 1862 1465 1902 ad
1494 1867 1667 1914 partem

411 1925 441 1966 J
447 1926 652 1974 ohannis,
701 1927 915 1967 turbatus
964 1926 1188 1979 inopsque
1232 1927 1426 1975 consilii,
1470 1940 1572 1967 cum
1626 1929 1665 1967 ei

414 1995 564 2031 tutum
605 2004 696 2031 non
736 1996 857 2031 esset
909 1991 1263 2044 receptaculum,
1308 1996 1354 2033 et
1393 1993 1670 2033 instantibus

414 2057 546 2109 quasi
585 2069 612 2097 a
649 2061 780 2108 tergo
814 2056 1022 2097 hostibus
1053 2070 1162 2098 mox
1197 2070 1300 2098 cum
1332 2058 1426 2098 suis
1461 2059 1671 2098 omnibus

416 2122 620 2175 profugit
652 2122 927 2171 Londonias,
950 2135 1065 2175 quas
1095 2124 1329 2175 ingressus
1360 2124 1550 2172 civibus,
1574 2125 1670 2177 qui-

416 2188 500 2228 bus
524 2187 662 2241 paulo
687 2192 793 2228 ante
823 2187 1037 2228 terribilis
1066 2188 1230 2237 fuerat,
1262 2202 1316 2229 ne
1346 2190 1432 2230 sibi
1461 2189 1671 2231 deessent

414 2253 460 2293 in
499 2253 578 2294 illo
612 2253 806 2294 articulo
843 2253 1075 2295 humiliter
1106 2254 1409 2308 supplicavit;
1459 2255 1525 2295 illi
1562 2268 1669 2296 vero

414 2319 576 2371 prioris
589 2319 733 2360 fastus
750 2324 796 2360 et
818 2319 996 2360 ferociae
1017 2319 1117 2373 ejus
1130 2333 1349 2361 memores
1370 2319 1399 2360 J
1404 2320 1571 2361 ohanni
1592 2334 1672 2373 po-

413 2385 504 2425 tius
528 2384 729 2426 favorem
753 2385 1076 2437 praestiterunt.
1139 2385 1305 2438 Itaque
1328 2399 1409 2439 spe
1429 2385 1672 2427 frustratus

414 2450 461 2490 in
489 2463 639 2491 arcem
669 2463 718 2491 se
754 2451 925 2503 regiam
964 2463 1067 2491 cum
1099 2451 1194 2492 suis
1233 2452 1441 2492 omnibus
1474 2452 1668 2504 recepit;

416 2529 605 2569 quorum
640 2521 795 2556 tantus
830 2521 929 2557 erat
967 2529 1182 2557 numerus
1219 2522 1270 2557 ut
1312 2518 1357 2557 in
1399 2517 1543 2558 stricti
1583 2517 1671 2557 loci

415 2582 641 2634 angustiis
659 2595 745 2622 sua
764 2581 854 2622 illis
881 2587 1000 2622 esset
1032 2582 1234 2623 nocivior
1262 2582 1506 2637 multitudo
1536 2595 1671 2635 quam

415 2646 610 2688 hostium
646 2647 754 2688 foris
789 2647 1073 2688 frementium
1110 2648 1341 2688 fortitudo.
1426 2648 1671 2687 AEstuabat

413 2713 551 2751 turris
590 2713 781 2753 interius
824 2713 1223 2765 comprehensione
1266 2712 1566 2753 multitudinis
1607 2713 1673 2752 in-

413 2775 567 2822 clusae,
620 2778 711 2817 cito
763 2778 1016 2818 evomitura
1064 2790 1178 2830 quos
1223 2777 1478 2830 prodendos
1525 2779 1671 2830 magis
