1866 3186
216 457 316 487 Hem-y
329 454 385 480 111.

217 490 252 515 A.
262 490 297 514 D.
312 489 385 513 1265.

202 570 399 603 Preparations

202 605 232 629 οῙ
242 604 342 629 Prince

202 637 333 663 Edward.
372 641 376 645 ·

410 253 497 295 322
896 265 1171 296 cHRomcoN

589 448 655 490 De
673 447 943 502 Kenylwonh
958 460 974 496 ,·
1003 454 1041 490 et
1059 447 1175 490 Bello
1194 447 1244 490 de
1262 447 1499 491 Eveshame.

485 565 661 608 Audita
687 567 902 609 evasione
924 566 1006 607 filii
1029 566 1150 619 regis
1174 578 1202 607 a
1228 577 1425 615 carcere,
1449 566 1676 607 concurrit

419 632 476 674 ad
502 645 605 673 eum
627 632 797 674 multus
829 632 1024 686 populus
1048 636 1094 673 et
1120 645 1222 672 cum
1254 631 1474 672 immenso
1506 631 1675 684 gaudio

419 703 718 752 susceperunt
741 711 860 748 eum,
887 699 1007 739 inter
1035 710 1150 751 quos
1174 697 1306 751 quasi
1327 697 1500 749 primus
1522 696 1678 737 extitit

419 777 571 805 comes
608 763 910 805 Gloucestriae
950 768 996 804 et
1030 763 1185 804 caeteri
1220 761 1397 814 regales
1438 762 1516 815 qui
1553 761 1676 814 apud

422 830 620 871 Bristow
642 834 688 870 et
710 830 757 870 in
781 829 974 870 confinio
995 828 1094 882 ejus
1114 829 1191 869 diu
1213 832 1488 878 manserant,
1511 827 1676 868 crevit-

420 907 509 948 que
538 895 585 935 in
618 900 819 948 tempore
849 894 978 936 brevi
1009 894 1238 935 exercitus
1277 892 1376 946 ejus
1406 893 1453 933 in
1488 893 1675 933 immen-

421 973 547 1010 sum;
584 972 676 1012 quo
699 960 884 1012 cognito
921 960 1074 1000 timuit
1111 959 1199 999 sibi
1228 970 1380 999 comes
1414 957 1676 999 Leicestriae

421 1025 579 1066 Simon
619 1024 676 1065 de
720 1024 1026 1073 Monte-sorti,
1066 1028 1111 1065 et
1152 1024 1336 1065 mittens
1370 1023 1417 1063 in
1456 1022 1676 1064 Walliam

419 1090 604 1132 vocavit
631 1089 737 1131 inde
768 1090 953 1139 multos,
988 1094 1035 1131 et
1075 1090 1214 1130 robur
1246 1089 1318 1130 sui
1355 1089 1583 1130 exercitus
1617 1101 1675 1130 ex

420 1156 544 1197 omni
564 1168 657 1208 qua
684 1155 836 1208 potuit
857 1159 989 1208 parte
1011 1154 1362 1208 multiplicavit;
1397 1154 1519 1195 misit
1541 1154 1678 1195 etiam

421 1221 651 1262 Simonem
682 1221 824 1261 filium
858 1233 991 1261 suum
1026 1220 1085 1261 ad
1118 1224 1356 1272 magnates
1389 1219 1596 1261 boreales
1626 1225 1679 1260 ut

421 1299 499 1328 eos
531 1299 635 1327 cum
667 1286 792 1327 omni
832 1285 1123 1327 festinatione
1157 1285 1427 1331 adduceret;
1476 1285 1571 1338 qui,
1606 1297 1679 1326 co-

421 1352 632 1392 adunatis
652 1352 809 1393 multis
826 1351 919 1393 fere
933 1362 1024 1393 xx.
1041 1351 1290 1392 banerettis
1304 1355 1349 1391 et
1363 1350 1495 1403 plebe
1516 1349 1677 1399 multa,

420 1417 528 1458 fecit
566 1417 896 1469 aliquantisper
934 1416 1177 1458 stationem
1219 1415 1342 1469 apud
1386 1420 1585 1456 castrum
1620 1415 1678 1456 de

402 1481 754 1535 'Kenylworth3
787 1485 863 1523 ‘et
894 1481 999 1522 inde
1034 1481 1266 1534 digressus
1300 1480 1518 1533 spoliavit
1543 1480 1677 1521 Win-

210 2458 255 2483 He
268 2457 406 2489 surprises

210 2491 257 2515 the
270 2491 395 2516 baronial

208 2531 287 2554 army
300 2526 328 2548 at

209 2556 397 2581 Kenilworth.

422 1547 612 1597 toniam,
634 1552 680 1588 et
705 1547 870 1588 iterum
900 1559 1112 1588 reversus
1141 1551 1212 1587 est
1239 1546 1297 1587 ad
1321 1544 1678 1598 Kenylworth.'²

424 1612 799 1665 Nunciatumque
831 1616 902 1653 est
933 1612 1019 1653 hoc
1057 1611 1282 1653 Edwardo
1317 1611 1412 1651 filio
1448 1611 1567 1663 regis
1596 1624 1680 1664 per

422 1677 759 1731 exploratorem
802 1690 935 1718 suum
979 1676 1214 1730 Margoth,
1247 1677 1326 1730 qui
1369 1689 1472 1717 cum
1515 1676 1678 1718 mulier

423 1748 545 1784 esset
567 1744 614 1784 in
639 1748 766 1784 veste
793 1747 946 1798 tamen
977 1742 1096 1784 virili
1120 1742 1247 1783 velut
1272 1741 1407 1783 homo
1437 1742 1678 1794 gradieba-

420 1813 511 1858 tur,
530 1813 576 1850 et
599 1822 681 1862 per
698 1808 994 1861 Radulphum
1014 1808 1070 1848 de
1085 1806 1308 1858 Arderne‚
1331 1807 1410 1860 qui
1430 1820 1534 1848 cum
1558 1812 1679 1849 esset

422 1886 480 1915 ex
502 1878 646 1927 parte
681 1874 826 1915 altera
863 1874 1099 1914 consocios
1139 1877 1291 1914 tamen
1322 1872 1491 1926 prodiit
1522 1878 1568 1915 et
1602 1873 1680 1914 de-

422 1939 566 1991 cepit:
599 1944 788 1991 eratque
807 1943 917 1978 tunc
933 1938 1188 1979 Edwardus
1212 1938 1333 1990 apud
1346 1937 1676 1988 Wircestriam,

422 2017 559 2056 quam
590 2007 696 2056 post
716 2002 1052 2063 Gloucestriam
1075 2002 1215 2055 paulo
1239 2007 1346 2043 ante
1366 2002 1611 2052 devicerat,
1632 2009 1679 2045 et

422 2072 612 2121 accepto
634 2068 801 2109 nuncio
822 2080 1099 2120 consurgens
1122 2068 1178 2108 de
1199 2072 1332 2109 nocte
1356 2068 1485 2117 abiit,
1508 2073 1554 2109 et
1577 2082 1678 2122 per-

421 2134 548 2175 venit
572 2133 628 2174 ad
652 2133 802 2174 locum
827 2146 959 2187 quem
982 2133 1369 2187 praeordinaverat
1391 2133 1677 2186 exploratrix

420 2199 502 2240 illa
533 2199 590 2240 ad
622 2198 889 2240 armandum
919 2212 983 2249 se,
1012 2203 1111 2240 erat
1140 2199 1260 2239 enim
1288 2198 1420 2240 vallis
1451 2199 1678 2252 profunda

423 2269 469 2305 et
504 2277 646 2318 prope
674 2265 824 2305 locum
853 2265 1019 2315 castri3
1056 2263 1254 2318 dumque
1288 2269 1517 2305 armarent
1545 2277 1610 2314 se,
1631 2270 1678 2306 et

424 2343 566 2382 equos
596 2330 845 2382 cingerent,
870 2329 1115 2371 audiebant
1145 2329 1342 2371 sonitum
1375 2342 1404 2370 a
1434 2329 1570 2383 longe
1600 2343 1675 2371 ve-

425 2395 640 2445 nientem,
664 2400 710 2436 et
729 2395 966 2444 timebant,
987 2395 1203 2444 dicentes,
1225 2398 1254 2416 “
1270 2393 1539 2436 Praemuniti
1569 2400 1677 2436 sunt

424 2460 578 2501 hostes
609 2461 771 2510 nostri,
802 2465 849 2502 et
883 2473 987 2501 ecce
1012 2460 1110 2514 jam
1142 2460 1392 2508 veniunt;'’
1430 2460 1677 2513 statimque

423 2526 724 2567 ascenderunt
743 2538 883 2578 equos
907 2530 952 2566 et
982 2526 1164 2566 lanceas
1188 2525 1235 2566 in
1256 2525 1464 2566 manibus
1485 2525 1678 2578 adapta-

421 2591 559 2642 bant;
596 2604 789 2645 cumque
812 2591 1087 2632 direxissent
1106 2591 1225 2631 acies
1249 2603 1356 2632 suas
1378 2595 1484 2631 ante
1502 2590 1676 2631 dilucu-

746 2729 754 2747 ¹
795 2731 962 2771 Supplied
978 2731 1061 2763 from
1079 2731 1155 2763 MS.
1173 2731 1298 2763 Lansd.
