1866 3186
431 274 659 305 WALTEm
692 275 754 306 DE
785 274 1163 307 HEMINGBURGH.
1343 262 1432 305 219

163 376 329 418 sudore
359 382 407 419 et
437 379 662 432 sanguine
683 379 921 421 castellum
942 379 1170 421 deditione
1205 379 1428 421 obtinuit:
1467 385 1630 446 2¹3¹·qu

163 442 409 486 inimicitiis
468 449 482 467 ‘
499 444 652 499 ergo’1
710 446 857 499 magis
919 446 1242 496 crescentibus,
1287 445 1430 488 refor-
1494 438 1501 445 ’
1539 438 1546 445 ’
1629 436 1636 443 ’

164 509 344 551 mandae
365 511 492 564 pacis
513 524 542 553 a
565 512 695 554 bonis
726 517 772 554 et
803 513 1086 566 sapientibus
1118 512 1314 554 inaniter
1334 516 1431 553 stu-

163 574 356 617 debatur
392 590 494 618 cum
534 578 623 632 ipsi
658 579 884 632 principes
928 578 986 619 ad
1021 591 1154 620 omne
1191 578 1430 620 consilium

162 642 289 694 pacis
310 643 700 687 obsurdescerent.

395 792 461 834 De
477 791 610 835 Fame
627 798 666 835 et
685 792 930 835 Pestilentia
953 792 999 834 in
1017 791 1193 848 Anqbia.

229 905 502 960 Aggravata
556 912 628 950 est
678 907 816 950 etiam
861 908 964 961 ipso
1010 913 1217 961 tempore
1266 919 1428 948 manus
1447 918 1566 977 rampe
1577 918 1633 943 ana

164 973 350 1014 Domini
382 987 520 1027 super
550 973 770 1028 populum
796 973 1107 1017 Christianum
1142 974 1191 1016 in
1228 980 1359 1027 peste
1383 978 1430 1015 et
1446 956 1609 986 pffleuoe'

164 1039 298 1089 fame,
319 1044 372 1081 ut
402 1039 515 1081 illud
545 1053 661 1094 pene
692 1040 1010 1094 propheticum
1032 1039 1309 1095 completum
1329 1052 1429 1081 esse

164 1105 411 1156 videretur,
426 1110 455 1128 “
470 1105 621 1159 Plaga
635 1106 805 1149 inimici
824 1106 1031 1160 percussi
1045 1111 1107 1157 te,
1124 1106 1429 1159 castigatione

163 1171 335 1213 crudeli
350 1170 419 1214 :’'²
449 1179 496 1214 et
525 1173 708 1226 quidem
737 1173 881 1215 fames
904 1172 1074 1222 valida,
1097 1185 1158 1214 ex
1182 1172 1423 1226 intempes-

164 1238 271 1279 tivis
291 1238 511 1281 imbribus
544 1239 829 1292 proveniens,
856 1252 938 1293 per
958 1251 1104 1281 annos
1129 1238 1229 1294 jam
1253 1238 1431 1293 aliquot

165 1302 366 1345 Galliam
438 1303 749 1359 Angliamque
820 1305 1112 1348 vehementer
1173 1305 1428 1348 attriverat.

165 1369 374 1423 Cumque
390 1370 559 1424 vulgus
574 1383 829 1425 pauperum
847 1372 1018 1425 passim
1038 1371 1191 1413 inedia
1204 1371 1431 1425 deperiret

163 1442 323 1478 secuta
361 1442 432 1479 est
467 1450 493 1479 e
527 1438 727 1491 vestigio
766 1437 908 1492 pestis
943 1437 1215 1488 saevissima,
1253 1437 1431 1480 scilicet

165 1502 302 1543 febris
334 1508 486 1554 acuta,
517 1516 620 1557 quae
657 1508 729 1546 tot
767 1509 814 1546 et
848 1509 1004 1547 tantos
1043 1503 1238 1558 singulis
1269 1504 1431 1545 diebus

167 1572 180 1590 ‘
200 1569 469 1622 corripiens'
486 1568 502 1591 ³
530 1570 726 1612 finaliter
762 1570 1028 1624 prostravit,
1050 1574 1102 1612 ut
1126 1570 1207 1612 vix
1228 1573 1241 1592 ‘
1257 1570 1433 1612 inveni-

170 1640 327 1676 rentur
343 1635 354 1651 '
369 1634 386 1656 ⁴
406 1636 484 1688 qui
507 1636 582 1677 vel
603 1648 759 1678 curam
790 1636 1020 1688 languidis
1043 1635 1118 1677 vel
1147 1636 1431 1690 sepulturam

168 1701 360 1742 mortuis
383 1701 679 1744 exhiberent:
713 1703 1014 1755 cessabatque
1038 1706 1286 1743 consuetus
1306 1701 1433 1743 fune-

169 1768 231 1808 ris
256 1773 508 1821 apparatus
541 1769 650 1822 quia
679 1781 967 1822 quacumque
999 1767 1114 1809 hora
1143 1767 1306 1809 diurna
1331 1767 1434 1822 quis

169 1833 357 1875 obiisset
380 1847 488 1875 mox
509 1835 645 1876 matri
667 1839 800 1882 terrae
823 1838 836 1856 ‘
854 1832 1183 1883 tradebatur,'⁵
1205 1834 1293 1875 nisi
1313 1838 1435 1875 esset

169 1900 272 1954 quis
304 1900 442 1942 ditior
475 1900 549 1943 vel
588 1913 785 1954 persona
827 1900 1039 1942 nobilior.
1109 1899 1168 1941 In
1203 1899 1434 1954 plerisque

168 1966 306 2008 etiam
338 1966 452 2008 locis
489 1966 657 2008 fiebant
690 1966 828 2008 fossae
865 1979 959 2008 non
995 1965 1188 2008 modicae
1230 1966 1436 2020 receptui

169 2032 462 2083 cadaverum,
497 2046 551 2075 eo
585 2033 708 2087 quod
745 2032 941 2075 facultas
978 2045 1070 2075 non
1112 2037 1234 2074 esset
1270 2045 1434 2074 unum-

169 2112 396 2152 quemque
411 2112 493 2152 per
510 2112 575 2149 se,
588 2099 730 2153 juxta
745 2112 933 2149 morem,
947 2102 959 2121 ‘
974 2093 1276 2141 recondere.'⁶
1315 2098 1436 2141 Tan-

170 2164 288 2214 dem,
309 2164 492 2206 volente
528 2165 746 2215 Domino,
767 2169 873 2218 post
895 2177 980 2206 sex
1010 2164 1105 2206 sere
1141 2177 1319 2206 menses
1338 2165 1434 2206 hie-

171 2231 279 2272 mali
299 2231 449 2284 rigore
470 2231 709 2284 consopita
728 2230 919 2284 quievit.

219 2378 227 2397 ¹
253 2379 403 2411 Omitted
419 2380 454 2410 in
470 2380 545 2412 MS.
561 2379 648 2412 Coll.
666 2379 762 2411 Arm.
866 2376 879 2395 ⁴
901 2378 911 2395 ‘
924 2377 1154 2418 inveniretur‚'
1183 2378 1283 2410 MSS.
1311 2378 1436 2413 Lansd.

819 2424 887 2456 and
903 2423 992 2456 Cott.
1007 2424 1084 2457 Tib.

866 2469 878 2488 ⁵
900 2471 910 2488 ‘
925 2470 1153 2510 reddebatur,’
1170 2470 1246 2502 MS.
1264 2470 1388 2503 Lansd.

219 2517 232 2536 ³
255 2515 265 2532 ‘
276 2514 464 2555 arripiens‚’
479 2515 554 2547 MS.
570 2514 658 2548 Cott.
669 2515 745 2548 Tib.
865 2515 879 2534 ⁶
903 2518 912 2535 ‘
926 2516 1187 2558 reconderetur‚'
1203 2517 1277 2549 MS.
1295 2517 1421 2550 Lansd.

218 2444 231 2463 ²
255 2447 441 2488 Jeremiah,
456 2457 539 2479 xxx,
556 2449 608 2478 14.
