1866 3186
221 400 317 430 fleury
330 398 388 425 111.

216 433 252 457 A.
262 432 297 457 D.
308 432 383 457 1258.

204 488 264 512 The
276 486 344 517 king
346 485 368 511 ἰ

203 493 344 544 brothersg

202 552 295 577 reruse
306 554 336 576 to

203 585 270 610 take
282 584 331 608 the
342 589 382 608 re-

203 617 302 649 quii-ed
311 616 402 642 oathz

204 725 264 750 The
276 731 338 755 pro-

204 757 311 782 visions
323 756 354 781 of

205 790 321 815 Oxford.

216 2406 303 2436 Many
313 2406 414 2430 barone

216 2438 360 2469 poisoned.

412 274 501 316 306
900 282 1176 314 cnnomcon

418 390 571 428 autem
587 385 764 437 regis,‘
778 384 856 437 qui
874 383 1043 425 erant'l
1065 388 1279 436 quatuor,
1300 382 1534 425 nolentes'
1522 395 1567 423 m
1589 381 1675 422 hac

419 455 550 505 parte
571 450 844 498 consentire,
860 449 1037 490 occulte
1059 449 1243 502 quidem
1259 452 1555 496 recesserunt,
1576 451 1674 487 ten-

419 516 579 557 dentes
590 515 905 562 Wintoniam;
938 514 1134 567 iratique
1149 515 1342 555 barones
1354 513 1548 554 insecuti
1566 515 1676 552 sunt

420 594 499 623 eos
519 594 611 622 uno
630 579 766 622 corde
802 584 849 621 et
881 580 1033 620 animo
1057 579 1183 621 velut
1217 579 1359 620 catuli
1387 579 1570 620 leonum
1599 589 1674 617 ru-

420 647 614 699 gientes,
654 658 711 686 ne
750 645 869 686 forte
909 645 1139 685 munirent
1188 643 1402 698 praesidio
1441 643 1675 684 civitatem

421 715 705 764 occupatam,
726 722 920 763 cumque
950 722 1029 750 eos
1059 721 1322 762 comparere
1354 707 1679 760 compellerent

421 783 466 817 et
487 776 809 829 cognovissent
826 787 905 816 eos
925 775 972 815 in
986 787 1071 815 sua
1090 774 1378 815 contumacia
1397 783 1678 826 permanere,

421 845 684 882 statuerunt
714 844 909 892 statuta,
937 839 1158 892 imprimis
1180 839 1300 892 quod
1320 839 1378 879 ad
1400 842 1545 879 terras
1569 849 1678 877 suas

421 918 537 959 quas
571 906 618 946 in
649 905 859 957 partibus
878 904 1193 945 transmarinis
1213 904 1443 944 habebant
1462 901 1680 943 transfre-

422 973 588 1011 tarent.
658 969 720 1010 Et
750 969 837 1009 hoc
868 969 1050 1021 quidem
1079 973 1305 1010 statutum
1334 968 1490 1009 statim
1511 978 1676 1007 execu-

422 1035 536 1077 tioni
573 1033 868 1083 mandabant,
903 1046 1011 1086 rege
1044 1047 1127 1086 pro
1165 1034 1231 1074 eis
1266 1032 1595 1075 interveniente
1633 1036 1681 1072 et

422 1099 579 1140 multis
610 1091 821 1151 precibus
851 1098 1155 1151 supplicante,
1190 1098 1270 1139 sed
1299 1103 1452 1139 tamen
1472 1096 1681 1138 exaudiri

423 1177 515 1205 non
548 1164 700 1217 potuit
733 1164 883 1216 quoad
917 1164 1019 1204 hoc,
1073 1163 1344 1204 Statuerunt
1384 1163 1521 1203 etiam
1557 1161 1678 1214 quod

424 1241 581 1270 omnes
621 1229 905 1280 alienigenae,
945 1228 1256 1282 cujuscunque
1290 1228 1562 1269 conditionis
1597 1239 1679 1267 ex·

422 1295 614 1335 isterent
642 1306 721 1335 seu
752 1294 967 1342 nationis,
987 1293 1226 1334 confestim
1245 1293 1564 1345 repatriarent,
1594 1291 1680 1331 sub

425 1371 565 1412 poena
604 1359 910 1399 membrorum
939 1363 985 1399 et
1007 1358 1131 1399 vitae.
1194 1358 1465 1398 Statuerunt
1499 1356 1558 1397 ad
1591 1356 1678 1396 hoc

426 1423 548 1476 quod
575 1422 615 1463 si
635 1427 788 1463 teneat
809 1422 910 1474 quis
930 1422 987 1462 de
1008 1434 1116 1474 rege
1141 1422 1189 1462 in
1215 1427 1360 1474 parte,
1385 1427 1432 1462 et
1454 1424 1467 1443 ‘
1484 1419 1679 1462 teneat’2

425 1487 632 1528 similiter
650 1487 707 1527 de
730 1486 832 1527 aliis
854 1486 1048 1527 dominis
1068 1499 1151 1539 pro
1176 1486 1367 1527 diversis
1387 1487 1610 1539 partibus,
1641 1486 1680 1526 si

426 1552 483 1593 de
528 1565 582 1592 eo
623 1551 887 1592 humanitus
923 1551 1180 1604 contigerit,
1220 1551 1399 1592 haerede
1438 1563 1522 1591 suo
1559 1550 1682 1591 infra

426 1621 611 1658 aetatem
642 1615 894 1668 legitimam
925 1615 1168 1665 existente,
1193 1615 1314 1668 quod
1343 1629 1426 1656 rex
1455 1615 1681 1657 haeredem

426 1681 594 1722 habeat
614 1693 717 1721 cum
737 1685 860 1721 terra
881 1693 1019 1733 quam
1049 1681 1105 1722 de
1140 1681 1339 1722 dominio
1367 1681 1511 1733 ipsius
1542 1685 1682 1730 tenet,

427 1751 474 1786 et
505 1746 661 1787 caeteri
680 1745 850 1787 domini
878 1745 1077 1787 habeant
1104 1741 1250 1787 terras
1271 1746 1327 1786 de
1350 1745 1494 1786 feodis
1524 1759 1681 1787 eorum

427 1823 572 1863 usque
596 1810 653 1851 ad
677 1815 860 1852 aetatem
887 1810 1093 1861 haeredis,
1116 1816 1162 1852 et
1182 1815 1403 1860 escaetas,
1425 1815 1471 1851 et
1494 1811 1681 1860 relevia‚

426 1875 741 1928 unusquisque
789 1888 946 1916 eorum
994 1875 1241 1916 secundum
1290 1880 1466 1927 partem
1508 1880 1684 1917 tenurae

428 1952 536 1981 suae.
582 1940 853 1980 Statuerunt
874 1940 1061 1991 insuper
1080 1940 1200 1991 quod
1222 1940 1341 1980 lanae
1363 1944 1498 1980 terrae
1521 1953 1681 1993 opera-

427 2008 584 2044 rentur
604 2004 653 2044 in
687 2002 857 2055 Anglia
892 2016 975 2044 nec
1011 2004 1277 2056 alienigenis
1298 2004 1613 2054 venderentur,
1638 2011 1684 2046 et

429 2068 551 2120 quod
583 2080 738 2108 omnes
765 2072 1003 2109 uterentur
1021 2069 1185 2120 pannis
1205 2068 1348 2109 laneis
1368 2069 1485 2110 infra
1516 2069 1683 2111 limites

429 2137 562 2173 terrae
587 2132 804 2185 operatis,
824 2145 907 2173 nec
939 2136 952 2155 ‘
969 2133 1104 2173 nimis
1139 2134 1364 2186 pretiosas
1384 2138 1535 2175 vestes
1557 2147 1683 2188 quae-

428 2196 635 2238 rerent.’³
703 2197 822 2238 Item
864 2197 986 2250 quod
1026 2210 1253 2250 expensas
1284 2199 1602 2252 voluptuarias
1636 2205 1683 2241 et

429 2261 685 2314 superfluas
699 2274 856 2303 omnes
876 2275 959 2315 pro
972 2275 1108 2315 posse
1122 2263 1389 2304 devitarent.
1433 2263 1541 2305 Alia
1551 2277 1683 2317 ‚quae-

430 2326 535 2367 dam
564 2331 741 2368 statuta
763 2331 871 2368 sunt
903 2332 949 2368 et
980 2327 1192 2369 ordinata
1225 2341 1329 2380 quae
1364 2341 1503 2369 causa
1535 2330 1686 2372 brevi-

429 2392 540 2433 tatis
561 2392 734 2444 scripta
765 2404 855 2432 non
886 2396 993 2433 sunt
1022 2392 1069 2433 in
1102 2392 1217 2434 libro
1250 2393 1351 2434 hoc.
1422 2393 1684 2448 Moratique

430 2461 537 2496 sunt
556 2456 721 2496 ibidem
745 2469 828 2508 per
855 2456 952 2497 dies
987 2468 1068 2498 xv,
1106 2462 1152 2498 et
1182 2458 1314 2498 multi
1336 2471 1512 2500 veneno
1540 2460 1683 2512 perie-

430 2525 563 2568 runt;
597 2521 827 2561 extinctus
859 2526 929 2562 est
963 2522 1081 2562 enim
1111 2522 1253 2563 abbas
1282 2521 1685 2565 westmonasteri-

429 2637 495 2716 ang
511 2640 692 2717 gsgrassg
711 2640 809 2671 MSS‘
835 2639 924 2673 Gon*
946 2641 1039 2673 Arm'
1121 2662 1134 2681 ³
1157 2665 1276 2696 ‘nimis
1287 2666 1443 2705 pretiosis
1455 2667 1605 2698 vestibus
1616 2670 1688 2699 ute-

476 2728 489 2745 2
511 2731 661 2761 Omitted
676 2731 710 2761 in
727 2730 802 2761 MS.
820 2731 905 2762 eon.
923 2731 1017 2762 Arm.
1074 2711 1210 2750 rentur(
1226 2711 1299 2743 MS·
1316 2711 1440 2743 Lansd·
