1866 3186
402 257 487 300 130
893 270 1168 301 cnnochN

210 381 307 412 Henry
319 379 360 405 11·
404 373 631 423 civitates,
652 373 954 415 dissentiones
974 374 1214 416 audiamus
1232 379 1277 415 et
1294 373 1527 423 scandala,
1548 377 1561 394 ‘
1578 371 1657 414 ut'¹

204 415 237 439 A.
248 412 369 438 D.118⁷.

188 469 297 501 Epistle
309 468 340 493 of
406 451 508 480 cum
530 439 753 493 propheta
774 439 923 480 dicere
944 439 1193 490 valeamus,
1218 443 1246 462 “
1261 439 1359 481 Non
1383 444 1451 481 est
1475 440 1660 487 veritas,

189 503 263 533 Pope
275 502 343 527 Gre—

186 542 265 567 gory.

406 518 497 546 non
528 511 599 546 est
627 505 818 546 scientia
847 505 937 546 Dei
965 505 1011 545 in
1039 510 1177 555 terra,
1206 505 1376 547 furtum
1408 511 1454 547 et
1474 505 1660 546 menda-

405 570 541 620 cium,
561 570 853 612 homicidium
874 575 921 612 et
940 569 1212 612 adulterium
1242 571 1594 620 inundaverunt,
1616 575 1662 611 et

405 636 593 689 sanguis
614 637 883 690 sanguinem
899 635 1113 689 tetigit.''⁵²
1173 636 1386 690 Cogitate
1401 637 1556 689 itaque
1580 635 1662 676 filii

406 702 603 755 qualiter
628 707 866 744 transeant
888 702 1116 752 universa,
1146 707 1192 744 et
1221 704 1393 756 pariter
1420 701 1662 743 transeatis

407 773 454 808 et
473 781 582 819 vos;
617 774 663 809 et
683 768 789 809 date
809 773 975 819 vestra,
996 768 1192 821 dateque
1212 773 1390 809 vosmet
1408 768 1549 821 ipsos,
1570 779 1662 808 non

406 833 453 873 in
484 834 803 875 exterminium
833 834 911 875 sed
942 834 990 874 in
1019 834 1410 875 conservationem
1441 834 1482 874 ei
1512 846 1540 874 a
1570 845 1661 886 quo

407 903 454 940 et
475 912 557 940 vos
578 904 624 940 et
645 905 797 941 vestra
818 899 969 941 omnia
990 899 1240 953 recepistis,
1261 912 1345 940 nec
1365 900 1570 950 dicimus,
1592 899 1661 939 di-

408 964 590 1014 mittite,
606 965 684 1006 sed
700 965 966 1019 praemittite
981 966 1027 1006 in
1040 965 1225 1006 coeleste
1236 965 1446 1006 horreum
1462 978 1566 1018 quae
1579 964 1660 1005 ha·

408 1030 539 1080 betis,
554 1035 600 1071 et
612 1031 818 1084 reponite
833 1031 952 1084 apud
975 1044 1078 1072 eum
1094 1031 1215 1084 apud
1237 1044 1370 1084 quem
1394 1034 1422 1053 “
1440 1035 1450 1052 ‘
1464 1030 1634 1083 aerugo’
1647 1028 1663 1050 ³

406 1108 497 1136 non
528 1096 772 1137 demolitur
798 1101 879 1137 aut
905 1096 1044 1146 tinea,
1073 1109 1156 1137 nec
1190 1097 1311 1137 sures
1338 1095 1553 1137 effodiunt
1582 1100 1663 1137 aut

405 1161 616 1203 furantur
633 1160 701 1213 ;”4
734 1162 995 1203 laborantes
1026 1162 1083 1203 ad
1115 1163 1503 1215 recuperationem
1528 1166 1662 1203 terrae

404 1226 543 1277 illius,
563 1228 611 1268 in
640 1240 732 1281 qua
755 1241 838 1282 pro
862 1228 1010 1269 salute
1030 1232 1188 1269 nostra
1209 1232 1238 1250 “
1252 1227 1439 1270 Veritas
1460 1228 1516 1268 de
1540 1233 1662 1269 terra

405 1297 507 1334 orta
523 1291 665 1343 est,”⁵
687 1299 733 1335 et
754 1294 976 1335 sustinere
992 1307 1074 1347 pro
1092 1294 1222 1335 nobis
1243 1294 1389 1335 crucis
1406 1293 1660 1347 patibulum

405 1371 495 1399 non
525 1359 760 1412 despexit:
797 1359 1049 1401 recolentes
1082 1372 1175 1400 non
1209 1371 1308 1400 esse
1342 1372 1509 1399 novum
1540 1359 1660 1412 quod

405 1428 528 1465 terra
563 1425 644 1465 illa
676 1425 852 1478 judicio
891 1424 1117 1466 dominico
1155 1424 1420 1478 percutitur,
1459 1424 1538 1465 sed
1579 1437 1662 1465 nec

405 1502 504 1530 esse
537 1490 770 1531 insolitum
807 1495 858 1531 ut
887 1489 1122 1543 flagellata
1153 1495 1200 1531 et
1232 1490 1460 1542 castigata
1489 1490 1662 1531 miseri-

405 1555 606 1596 cordiam
636 1560 956 1610 consequatur.
1027 1556 1218 1597 Poterat
1238 1556 1406 1609 quippe
1437 1555 1663 1596 Dominus

403 1620 504 1662 sola
530 1634 630 1662 eam
659 1621 894 1663 voluntate
921 1633 1120 1671 servare,
1148 1621 1227 1662 sed
1257 1634 1348 1662 non
1374 1621 1592 1662 habemus
1622 1622 1663 1662 ei

404 1686 553 1728 dicere
583 1700 664 1728 cur
693 1688 761 1728 ita
785 1686 957 1728 fecerit.
1018 1686 1182 1728 Voluit
1207 1687 1325 1728 enim
1355 1687 1547 1729 forsitan
1581 1701 1661 1728 ex-

404 1753 556 1805 periri,
576 1759 622 1794 et
651 1753 698 1793 in
725 1753 933 1795 notitiam
964 1753 1128 1794 ducere
1155 1753 1360 1802 aliorum,
1384 1753 1467 1793 “si
1496 1753 1661 1806 aliquis

403 1818 463 1859 sit
483 1819 745 1872 intelligens
769 1824 851 1860 aut
866 1819 1100 1871 requirens
1115 1813 1337 1869 Deum,'’6
1358 1820 1436 1872 qui
1457 1819 1660 1860 oblatum

404 1883 491 1924 sibi
522 1889 702 1937 tempus
734 1885 1019 1937 poenitentiae
1049 1884 1255 1925 hilariter
1277 1885 1595 1937 amplectatur,
1616 1892 1662 1926 et

404 1949 601 1990 animam
651 1949 860 2002 ponendo
906 1962 988 2003 pro
1030 1949 1246 1990 fratribus
1287 1955 1580 1991 consumetur
1614 1952 1660 1991 in

403 2014 545 2064 brevi,
581 2019 627 2056 et
662 2015 889 2068 compleat
925 2020 1130 2068 tempora
1163 2016 1323 2056 multa.
1395 2015 1474 2056 Eis
1509 2020 1660 2057 autem

403 2080 482 2133 qui
517 2080 651 2122 corde
685 2081 879 2122 contrito
913 2085 959 2122 et
989 2080 1227 2122 humiliato
1264 2081 1427 2134 spiritu
1460 2081 1662 2122 laborem

402 2145 576 2187 itineris
619 2146 754 2200 hujus
804 2146 1148 2200 assumpserint,
1189 2152 1236 2188 et
1291 2147 1339 2187 in
1391 2147 1663 2200 poenitentia

403 2216 693 2263 peccatorum
743 2217 789 2253 et
837 2211 924 2252 fide
972 2217 1098 2253 recta
1147 2212 1438 2263 decesserint,
1482 2212 1661 2265 plenam

402 2289 587 2318 suorum
623 2277 860 2318 criminum
901 2277 1231 2330 indulgentiam
1267 2283 1314 2319 et
1353 2279 1494 2319 vitam
1526 2278 1659 2331 polli-

402 2354 556 2383 cemur
577 2343 839 2392 aeternam,''
865 2348 948 2384 etc.

447 2508 455 2526 ¹
480 2509 557 2548 ‘et‚'
583 2509 682 2541 MSS.
708 2508 794 2541 Coll.
821 2509 914 2540 Arm.
943 2507 1008 2539 and
1093 2507 1102 2524 ⁴
1126 2508 1159 2539 S.
1178 2508 1300 2540 Matth.
1316 2509 1361 2541 vi.
1377 2511 1429 2541 19.

399 2554 486 2615 Cogt.
501 2554 577 2586 Tib.
616 2601 621 2607 ι
1092 2573 1104 2592 ⁵
1130 2575 1188 2607 Ps.
1204 2576 1320 2608 lxxxv·
1339 2578 1391 2607 11.

483 2600 598 2631 Hosea
614 2610 657 2631 ιν.
677 2603 708 2639 l,
722 2603 754 2632 2.

444 2648 456 2665 ³
479 2651 488 2663 ⁴
501 2643 651 2686 eurugo‚’
669 2646 744 2678 MS.
762 2646 848 2677 Coll.
865 2646 958 2676 Arm.
1088 2638 1101 2658 ⁶
1131 2643 1190 2674 Ps.
1207 2643 1275 2674 xiv.
1293 2646 1325 2682 2,
1340 2642 1406 2674 and
1421 2643 1483 2674 liii.
1500 2645 1529 2674 2.
