1866 3186
477 278 703 310 WALTEm
737 279 799 308 nn
830 278 1207 310 HEmNGBURcH.
1377 268 1464 310 155

198 393 280 421 rex
319 379 590 434 Anglorum,
627 386 814 435 propter
843 380 1047 435 ejusdem
1082 382 1210 424 urbis
1243 381 1459 436 amplitu-
1494 389 1662 449 {⁴¹3¹ssssss

199 447 346 488 dinem
394 452 440 488 et
479 447 796 489 multimodam
837 448 1246 501 opportunitatem,
1291 447 1458 490 ibidem
1478 477 1604 503 121ch

199 525 382 566 quoque
412 517 425 534 ‘
441 513 694 554 socialiter'
710 512 724 535 ¹
756 513 955 554 hiemare
981 518 993 536 ‘
1009 513 1154 556 voluit
1169 515 1203 556 ε’
1218 513 1234 537 ²
1265 526 1459 568 cumque
1476 511 1626 570 fflffiggt

199 577 335 632 hujus
370 579 434 619 rei
474 579 625 631 gratia
663 579 884 632 quosdam
923 592 983 620 ex
1019 580 1115 621 suis
1146 579 1459 634 praemisisset,
1476 597 1648 623 contentum

200 643 323 685 cives
355 644 489 684 unius
518 644 578 685 ad
606 657 656 685 se
688 646 811 698 regis
846 648 859 667 ‘
876 643 1135 698 ingressu’³
1167 645 1386 694 contenti,
1413 650 1460 686 et
1476 630 1614 689 ἔιῗῑῗῑῖξῖ.

199 709 393 751 duorum
423 723 582 762 regum
616 723 885 763 magnorum
920 710 1106 763 gravari
1136 710 1335 764 hospitio
1363 713 1375 732 ‘
1392 723 1458 751 re-

199 781 407 826 nuentes,
465 776 724 829 praemissos
786 789 815 817 a
881 775 1247 829 superveniente,
1300 776 1460 829 paucis

200 853 354 882 eorum
394 842 441 882 in
480 841 682 882 tumultu
725 841 958 891 extinctis,
1013 853 1116 882 cum
1159 841 1460 883 contumelia⁴

200 907 257 947 ab
289 903 429 947 urbe⁵
463 900 815 948 extruserunt.'⁶
884 906 1045 948 Motus
1079 919 1217 960 super
1255 907 1342 948 boc
1375 920 1459 948 rex

199 971 382 1025 Angliae
411 985 439 1014 a
469 972 845 1014 Messanensibus
874 977 1030 1014 utrum
1056 972 1112 1014 de
1138 972 1271 1014 illata
1290 973 1460 1027 injuria

199 1038 461 1079 satisfacere
482 1038 778 1091 dignarentur
798 1037 1118 1092 inquirendum
1148 1038 1295 1080 duxit.
1358 1038 1459 1080 Illis

199 1116 308 1147 vero
327 1109 419 1146 tam
443 1105 728 1158 propriarum
750 1108 763 1126 ‘
777 1097 1100 1146 conscientia’⁷
1118 1104 1300 1154 virium,
1320 1116 1458 1157 quam

199 1169 444 1223 insignium
479 1170 646 1212 fiducia
688 1169 936 1224 hospitum,
972 1170 1166 1224 superbe
1195 1170 1457 1212 detractan-

197 1235 320 1276 tibus
347 1235 720 1285 satisfactionem,
757 1248 977 1278 accensus
1009 1240 1080 1277 est
1109 1248 1220 1277 mox
1247 1236 1457 1289 princeps

198 1301 506 1343 ferocissimus
530 1301 587 1343 ad
610 1301 845 1343 ultionem.
918 1301 1085 1355 Itaque
1108 1302 1278 1342 armari
1301 1302 1458 1355 copias

198 1367 446 1420 urbemque
481 1367 738 1420 oppugnari
771 1367 1016 1420 praecepit;
1063 1379 1258 1421 cumque
1287 1367 1335 1408 in
1372 1366 1459 1408 hoc

198 1445 335 1485 opere
372 1445 481 1474 suos
514 1445 604 1474 non
636 1437 814 1474 tantum
846 1437 1031 1485 urgeret
1064 1433 1271 1486 imperio,
1302 1446 1459 1475 verum

199 1498 337 1539 etiam
384 1499 608 1540 animaret
652 1498 880 1551 exemplo,
924 1498 1083 1540 urbem
1125 1499 1389 1552 aliquandiu
1432 1511 1461 1539 a

198 1563 375 1604 civibus
406 1563 541 1605 simul
573 1568 619 1605 et
640 1563 848 1606 'Francis
880 1563 1059 1606 fortiter
1088 1564 1323 1606 defensam
1357 1569 1459 1605 tan-

199 1629 302 1669 dem
358 1634 569 1682 potenter
616 1629 780 1682 irrupit
803 1643 814 1670 :
871 1633 884 1652 ‘
907 1634 954 1670 et
1005 1628 1220 1683 paucis'⁸
1269 1643 1457 1671 suorum

200 1695 380 1736 amissis
402 1696 549 1736 victor
571 1695 804 1748 ingressus
833 1694 949 1735 ‘est'
966 1693 1005 1743 39
1034 1695 1270 1737 decentem
1302 1699 1458 1737 tamen

199 1760 245 1800 in
265 1760 438 1801 ultione
462 1760 646 1802 modum
674 1760 834 1809 tenuit,
856 1764 902 1802 et
931 1764 1106 1802 motum
1133 1760 1271 1801 animi
1301 1761 1459 1801 trium-

200 1825 348 1879 phalis
370 1826 528 1879 gloriae
550 1826 786 1880 voluptate
806 1825 1015 1868 mollivit.
1059 1824 1326 1867 ‘Civium'10
1347 1839 1457 1879 ergo

200 1892 273 1932 vel
294 1904 397 1932 sera
416 1891 728 1933 satisfactione
746 1896 792 1933 et
815 1895 977 1933 coacta
991 1891 1235 1933 devotione
1249 1891 1459 1945 placatus

199 1956 412 1999 fraenavit
442 1958 678 2011 impetum,
709 1963 756 1999 et
784 1969 867 2011 pro
891 1958 1149 1999 reverentia
1168 1957 1289 2010 regis
1315 1957 1459 1998 Fran-

199 2036 354 2065 corum
377 2025 488 2066 urbe
512 2036 739 2077 egressus,
763 2023 967 2077 ejusdem
991 2022 1057 2064 illi
1081 2028 1127 2065 et
1150 2023 1246 2065 suis
1269 2023 1462 2066 libenter

246 2151 256 2171 ¹
281 2151 432 2183 Omitted
447 2151 482 2182 in
498 2151 574 2183 MS.
591 2151 716 2183 Lausd.

247 2213 259 2232 ²
282 2216 293 2234 ‘
306 2213 463 2255 volebat,'
478 2214 553 2246 MS.
571 2214 696 2246 Lansd.

247 2277 260 2296 ³
283 2278 434 2310 Omitted
452 2278 486 2308 in
503 2276 578 2309 MS.
595 2276 684 2309 Cott.
699 2276 775 2308 Tib.

847 2150 937 2190 Ang.
975 2150 1096 2190 Script.
1127 2154 1192 2182 673
1206 2161 1215 2190 ;
1266 2151 1462 2192 Brompton,

848 2196 942 2228 Hist.
958 2196 1048 2236 Aug.
1065 2197 1188 2236 Script.
1207 2200 1304 2230 1180.

893 2240 906 2259 ⁶
929 2242 1122 2282 According
1137 2246 1170 2273 to
1188 2243 1382 2283 Brompton,
1394 2244 1461 2274 this

846 2288 1025 2328 expulsion
1034 2288 1072 2319 of
1083 2288 1139 2319 the
1152 2289 1293 2328 English
1302 2290 1464 2321 occurred

245 2333 258 2352 ⁴
282 2335 459 2373 Hoveden‚
475 2334 591 2365 whose
614 2337 757 2365 account
780 2333 818 2364 of

199 2381 267 2411 this
288 2380 491 2411 transaction
517 2379 631 2411 differs
656 2380 691 2410 in
714 2389 812 2418 many

200 2426 399 2466 particulars
422 2426 503 2457 from
525 2425 596 2456 that
610 2426 688 2457 here
704 2426 813 2466 given,

201 2473 322 2503 relates
349 2471 420 2502 that
450 2471 505 2502 the
535 2471 652 2502 hatred
690 2471 728 2501 of
757 2471 812 2502 the

202 2518 358 2549 Sicilians
374 2526 446 2548 was
462 2517 595 2547 excited
611 2517 744 2557 against
758 2517 812 2548 the

202 2563 342 2604 English
369 2573 409 2593 on
435 2566 576 2593 account
602 2563 640 2593 of
666 2562 813 2594 Richard

200 2610 324 2649 having
344 2609 483 2648 sorcibly
500 2608 602 2639 taken
622 2609 813 2648 possession

199 2657 237 2687 of
249 2666 269 2687 a
280 2659 420 2687 convent
433 2664 513 2686 near
527 2654 689 2694 Messina,
700 2654 812 2685 which

200 2703 241 2734 he
257 2701 434 2733 converted
458 2702 526 2731 into
549 2710 569 2731 a
592 2701 765 2740 magazine
780 2701 818 2731 of

200 2758 299 2780 arms.
346 2748 429 2787 Rog.
460 2747 502 2778 de
531 2747 705 2786 Hoveden‚
734 2747 811 2778 Rer.

846 2344 889 2365 on
904 2334 961 2365 the
978 2334 1038 2365 3rd
1054 2334 1092 2365 of
1104 2334 1261 2366 October.

894 2377 909 2398 ⁶
929 2380 939 2397 ⁴
950 2383 1142 2419 renuerunt,
1157 2380 1350 2420 praemissos
1360 2380 1461 2412 etiam

847 2435 868 2457 a
883 2435 961 2465 rege
977 2427 1243 2466 superveniente,
1258 2435 1334 2457 cum
1346 2428 1462 2458 contu-

848 2472 949 2504 melia
978 2472 1060 2502 urbe
1084 2475 1310 2511 extruserunt,
1341 2472 1461 2511 paucis

847 2526 960 2548 eorum
977 2518 1011 2548 in
1021 2518 1168 2549 tumultu
1180 2517 1361 2558 extinctis‚’
1384 2518 1462 2550 MS.

850 2563 973 2595 Lansd.

893 2606 906 2627 ⁷
930 2608 1081 2640 Omitted
1097 2608 1131 2639 in
1148 2609 1222 2641 MS.
1236 2608 1325 2640 Cott.
1337 2609 1414 2641 Tib.

892 2653 906 2674 ⁸
924 2655 934 2672 ‘
945 2652 1190 2695 quampaucis,’
1209 2655 1464 2687 MS.Cott.Tib.

894 2700 907 2721 ⁹
931 2701 1081 2734 Omitted
1097 2702 1131 2732 in
1148 2701 1224 2733 MS.
1242 2701 1331 2734 cott.
1347 2702 1423 2734 Tib.

893 2745 917 2767 ¹⁰
939 2748 948 2765 ‘
961 2747 1073 2788 Gum,’
1088 2747 1161 2779 MS.
1181 2748 1304 2780 Lansd.
