<?xml version="1.0" encoding="UTF-8"?>
<!DOCTYPE html PUBLIC "-//W3C//DTD XHTML 1.0 Transitional//EN"
    "http://www.w3.org/TR/xhtml1/DTD/xhtml1-transitional.dtd">
<html xmlns="http://www.w3.org/1999/xhtml" xml:lang="en" lang="en">
 <head>
  <title>
</title>
<meta http-equiv="Content-Type" content="text/html;charset=utf-8" />
  <meta name='ocr-system' content='tesseract 3.04.00' />
  <meta name='ocr-capabilities' content='ocr_page ocr_carea ocr_par ocr_line ocrx_word'/>
</head>
<body>
  <div class='ocr_page' id='page_1' title='image "./chronicondominiw01hemiuoft_0142.png"; bbox 0 0 1866 3186; ppageno 0'>
   <div class='ocr_carea' id='block_1_1' title="bbox 381 272 1152 314">
    <p class='ocr_par' dir='ltr' id='par_1_1' title="bbox 381 272 1152 314">
     <span class='ocr_line' id='line_1_1' title="bbox 381 272 1152 314; baseline 0 -2"><span class='ocrx_word' id='word_1_1' title='bbox 381 272 470 314; x_wconf 80' lang='lat'>120</span> <span class='ocrx_word' id='word_1_2' title='bbox 877 282 1152 313; x_wconf 82' lang='lat' dir='ltr'>CHRONICON</span> 
     </span>
    </p>
   </div>
   <div class='ocr_carea' id='block_1_2' title="bbox 185 380 1645 558">
    <p class='ocr_par' dir='ltr' id='par_1_2' title="bbox 185 380 1645 558">
     <span class='ocr_line' id='line_1_2' title="bbox 191 380 1644 453; baseline -0.003 -27"><span class='ocrx_word' id='word_1_3' title='bbox 191 396 341 453; x_wconf 63' lang='lat' dir='ltr'>¹³⁰¹¹¹{,¹3¹f</span> <span class='ocrx_word' id='word_1_4' title='bbox 385 385 753 438; x_wconf 82' lang='lat' dir='ltr'>archiepiscopus</span> <span class='ocrx_word' id='word_1_5' title='bbox 775 397 893 425; x_wconf 93' lang='lat' dir='ltr'>anno</span> <span class='ocrx_word' id='word_1_6' title='bbox 913 384 1207 438; x_wconf 89' lang='lat' dir='ltr'>pontificatus</span> <span class='ocrx_word' id='word_1_7' title='bbox 1227 384 1298 425; x_wconf 90' lang='lat' dir='ltr'>sui</span> <span class='ocrx_word' id='word_1_8' title='bbox 1325 387 1336 405; x_wconf 91' lang='lat'>‘</span> <span class='ocrx_word' id='word_1_9' title='bbox 1353 380 1571 424; x_wconf 76' lang='lat' dir='ltr'>xxvnl.’¹</span> <span class='ocrx_word' id='word_1_10' title='bbox 1597 386 1644 421; x_wconf 87' lang='lat' dir='ltr'>et</span> 
     </span>
     <span class='ocr_line' id='line_1_3' title="bbox 185 430 1645 504; baseline -0.003 -12"><span class='ocrx_word' id='word_1_11' title='bbox 185 430 266 455; x_wconf 65' lang='lat' dir='ltr'>A&#39;D&#39;</span> <span class='ocrx_word' id='word_1_12' title='bbox 343 446 350 454; x_wconf 81' lang='grc'><em>’</em></span> <span class='ocrx_word' id='word_1_13' title='bbox 386 450 776 504; x_wconf 80' lang='lat' dir='ltr'>archiepiscopatu</span> <span class='ocrx_word' id='word_1_14' title='bbox 808 451 854 491; x_wconf 92' lang='lat' dir='ltr'>in</span> <span class='ocrx_word' id='word_1_15' title='bbox 892 450 1052 491; x_wconf 87' lang='lat' dir='ltr'>fiscum</span> <span class='ocrx_word' id='word_1_16' title='bbox 1082 450 1266 491; x_wconf 88' lang='lat' dir='ltr'>redacto</span> <span class='ocrx_word' id='word_1_17' title='bbox 1296 440 1480 491; x_wconf 84' lang='lat' dir='ltr'>vacavit</span> <span class='ocrx_word' id='word_1_18' title='bbox 1514 446 1645 488; x_wconf 91' lang='lat' dir='ltr'>sedes</span> 
     </span>
     <span class='ocr_line' id='line_1_4' title="bbox 388 515 1032 558; baseline -0.002 -1"><span class='ocrx_word' id='word_1_19' title='bbox 388 516 690 558; x_wconf 89' lang='lat' dir='ltr'>Eboracensis</span> <span class='ocrx_word' id='word_1_20' title='bbox 711 516 840 557; x_wconf 89' lang='lat' dir='ltr'>annis</span> <span class='ocrx_word' id='word_1_21' title='bbox 863 515 1032 557; x_wconf 90' lang='lat' dir='ltr'>decem.</span> 
     </span>
    </p>
   </div>
   <div class='ocr_carea' id='block_1_3' title="bbox 179 462 369 470">
    <p class='ocr_par' dir='ltr' id='par_1_3' title="bbox 179 462 369 470">
     <span class='ocr_line' id='line_1_5' title="bbox 179 462 369 470; baseline 0 2716"><span class='ocrx_word' id='word_1_22' title='bbox 179 462 369 470; x_wconf 95' lang='lat' dir='ltr'> </span> 
     </span>
    </p>
   </div>
   <div class='ocr_carea' id='block_1_4' title="bbox 755 629 1279 684">
    <p class='ocr_par' dir='ltr' id='par_1_4' title="bbox 755 629 1279 684">
     <span class='ocr_line' id='line_1_6' title="bbox 755 629 1279 684; baseline -0.004 -12"><span class='ocrx_word' id='word_1_23' title='bbox 755 629 867 672; x_wconf 74' lang='lat' dir='ltr'>Obiit</span> <span class='ocrx_word' id='word_1_24' title='bbox 895 630 1100 672; x_wconf 77' lang='lat' dir='ltr'>Henricus</span> <span class='ocrx_word' id='word_1_25' title='bbox 1118 629 1279 684; x_wconf 76' lang='lat' dir='ltr'>junior.</span> 
     </span>
    </p>
   </div>
   <div class='ocr_carea' id='block_1_5' title="bbox 172 711 1648 861">
    <p class='ocr_par' dir='ltr' id='par_1_5' title="bbox 172 711 1648 861">
     <span class='ocr_line' id='line_1_7' title="bbox 172 711 1647 766; baseline -0.002 -11"><span class='ocrx_word' id='word_1_26' title='bbox 172 720 335 746; x_wconf 75' lang='lat' dir='ltr'><strong>A-D·¹¹8³·</strong></span> <span class='ocrx_word' id='word_1_27' title='bbox 456 711 592 754; x_wconf 89' lang='lat' dir='ltr'>Anno</span> <span class='ocrx_word' id='word_1_28' title='bbox 617 713 802 754; x_wconf 90' lang='lat' dir='ltr'>Domini</span> <span class='ocrx_word' id='word_1_29' title='bbox 823 723 1126 754; x_wconf 74' lang='lat' dir='ltr'>M.01.xxxl11.</span> <span class='ocrx_word' id='word_1_30' title='bbox 1151 713 1229 766; x_wconf 92' lang='lat' dir='ltr'>qui</span> <span class='ocrx_word' id='word_1_31' title='bbox 1255 712 1341 752; x_wconf 84' lang='lat' dir='ltr'>fuit</span> <span class='ocrx_word' id='word_1_32' title='bbox 1374 722 1502 752; x_wconf 81' lang='lat' dir='ltr'>xxx.</span> <span class='ocrx_word' id='word_1_33' title='bbox 1525 711 1647 764; x_wconf 85' lang='lat' dir='ltr'>regis</span> 
     </span>
     <span class='ocr_line' id='line_1_8' title="bbox 173 764 1648 855; baseline -0.003 -33"><span class='ocrx_word' id='word_1_34' title='bbox 173 764 310 855; x_wconf 45' lang='lat'>{5121‘0135</span> <span class='ocrx_word' id='word_1_35' title='bbox 392 777 647 831; x_wconf 86' lang='lat' dir='ltr'>Anglorum</span> <span class='ocrx_word' id='word_1_36' title='bbox 697 783 710 801; x_wconf 91' lang='lat'>‘</span> <span class='ocrx_word' id='word_1_37' title='bbox 725 779 916 820; x_wconf 89' lang='lat' dir='ltr'>Henrici</span> <span class='ocrx_word' id='word_1_38' title='bbox 966 778 1166 827; x_wconf 90' lang='lat' dir='ltr'>secundi,</span> <span class='ocrx_word' id='word_1_39' title='bbox 1210 777 1440 818; x_wconf 89' lang='lat' dir='ltr'>Henricus</span> <span class='ocrx_word' id='word_1_40' title='bbox 1486 778 1648 818; x_wconf 88' lang='lat' dir='ltr'>tertius</span> 
     </span>
     <span class='ocr_line' id='line_1_9' title="bbox 204 837 281 861; baseline -0.026 -5"><span class='ocrx_word' id='word_1_41' title='bbox 204 837 281 861; x_wconf 87' lang='lat' dir='ltr'>enry.</span> 
     </span>
    </p>
   </div>
   <div class='ocr_carea' id='block_1_6' title="bbox 177 843 1668 2340">
    <p class='ocr_par' dir='ltr' id='par_1_6' title="bbox 177 843 1668 2340">
     <span class='ocr_line' id='line_1_10' title="bbox 177 843 1647 899; baseline -0.004 -10"><span class='ocrx_word' id='word_1_42' title='bbox 177 864 306 889; x_wconf 73' lang='lat' dir='ltr'>sunem.</span> <span class='ocrx_word' id='word_1_43' title='bbox 393 843 575 898; x_wconf 82' lang='lat' dir='ltr'>Angliae</span> <span class='ocrx_word' id='word_1_44' title='bbox 614 857 695 886; x_wconf 86' lang='lat' dir='ltr'>rex</span> <span class='ocrx_word' id='word_1_45' title='bbox 728 843 930 899; x_wconf 71' lang='lat' dir='ltr'>junior’2</span> <span class='ocrx_word' id='word_1_46' title='bbox 974 845 1218 885; x_wconf 90' lang='lat' dir='ltr'>immatura</span> <span class='ocrx_word' id='word_1_47' title='bbox 1250 848 1394 885; x_wconf 89' lang='lat' dir='ltr'>morte</span> <span class='ocrx_word' id='word_1_48' title='bbox 1425 843 1647 884; x_wconf 85' lang='lat' dir='ltr'>decessit:</span> 
     </span>
     <span class='ocr_line' id='line_1_11' title="bbox 392 908 1650 964; baseline -0.002 -13"><span class='ocrx_word' id='word_1_49' title='bbox 392 910 526 964; x_wconf 88' lang='lat' dir='ltr'>plane</span> <span class='ocrx_word' id='word_1_50' title='bbox 553 910 797 952; x_wconf 88' lang='lat' dir='ltr'>immatura</span> <span class='ocrx_word' id='word_1_51' title='bbox 821 911 860 951; x_wconf 93' lang='lat' dir='ltr'>si</span> <span class='ocrx_word' id='word_1_52' title='bbox 884 916 1068 952; x_wconf 89' lang='lat' dir='ltr'>aetatem</span> <span class='ocrx_word' id='word_1_53' title='bbox 1098 910 1329 963; x_wconf 83' lang='lat' dir='ltr'>respicias,</span> <span class='ocrx_word' id='word_1_54' title='bbox 1350 908 1428 950; x_wconf 91' lang='lat' dir='ltr'>sed</span> <span class='ocrx_word' id='word_1_55' title='bbox 1457 908 1650 950; x_wconf 89' lang='lat' dir='ltr'>multum</span> 
     </span>
     <span class='ocr_line' id='line_1_12' title="bbox 392 972 1650 1029; baseline -0.002 -12"><span class='ocrx_word' id='word_1_56' title='bbox 392 989 495 1029; x_wconf 87' lang='lat' dir='ltr'>sera</span> <span class='ocrx_word' id='word_1_57' title='bbox 515 976 554 1018; x_wconf 92' lang='lat' dir='ltr'>si</span> <span class='ocrx_word' id='word_1_58' title='bbox 584 981 715 1017; x_wconf 88' lang='lat' dir='ltr'>actus</span> <span class='ocrx_word' id='word_1_59' title='bbox 739 976 975 1027; x_wconf 84' lang='lat' dir='ltr'>attendas3</span> <span class='ocrx_word' id='word_1_60' title='bbox 1009 975 1116 1029; x_wconf 90' lang='lat' dir='ltr'>quia</span> <span class='ocrx_word' id='word_1_61' title='bbox 1137 975 1463 1028; x_wconf 81' lang='lat' dir='ltr'>praevaricator</span> <span class='ocrx_word' id='word_1_62' title='bbox 1483 979 1495 996; x_wconf 92' lang='lat'>‘</span> <span class='ocrx_word' id='word_1_63' title='bbox 1510 972 1650 1015; x_wconf 83' lang='lat' dir='ltr'>erat’³</span> 
     </span>
     <span class='ocr_line' id='line_1_13' title="bbox 394 1040 1652 1094; baseline -0.002 -12"><span class='ocrx_word' id='word_1_64' title='bbox 394 1055 484 1082; x_wconf 92' lang='lat' dir='ltr'>non</span> <span class='ocrx_word' id='word_1_65' title='bbox 514 1046 694 1082; x_wconf 84' lang='lat' dir='ltr'>tantum</span> <span class='ocrx_word' id='word_1_66' title='bbox 725 1047 902 1083; x_wconf 84' lang='lat' dir='ltr'>naturae</span> <span class='ocrx_word' id='word_1_67' title='bbox 933 1046 985 1083; x_wconf 92' lang='lat' dir='ltr'>ut</span> <span class='ocrx_word' id='word_1_68' title='bbox 1019 1042 1160 1094; x_wconf 90' lang='lat' dir='ltr'>prius,</span> <span class='ocrx_word' id='word_1_69' title='bbox 1201 1041 1279 1081; x_wconf 92' lang='lat' dir='ltr'>sed</span> <span class='ocrx_word' id='word_1_70' title='bbox 1313 1041 1451 1082; x_wconf 88' lang='lat' dir='ltr'>etiam</span> <span class='ocrx_word' id='word_1_71' title='bbox 1488 1040 1652 1081; x_wconf 90' lang='lat' dir='ltr'>solem-</span> 
     </span>
     <span class='ocr_line' id='line_1_14' title="bbox 394 1105 1653 1160; baseline -0.002 -13"><span class='ocrx_word' id='word_1_72' title='bbox 394 1108 520 1147; x_wconf 92' lang='lat' dir='ltr'>nium</span> <span class='ocrx_word' id='word_1_73' title='bbox 544 1111 797 1160; x_wconf 91' lang='lat' dir='ltr'>pactorum,</span> <span class='ocrx_word' id='word_1_74' title='bbox 823 1107 1063 1148; x_wconf 83' lang='lat' dir='ltr'>rebellavit</span> <span class='ocrx_word' id='word_1_75' title='bbox 1087 1111 1097 1128; x_wconf 88' lang='lat'>‘</span> <span class='ocrx_word' id='word_1_76' title='bbox 1112 1105 1280 1147; x_wconf 71' lang='lat' dir='ltr'>enim’4</span> <span class='ocrx_word' id='word_1_77' title='bbox 1306 1106 1468 1147; x_wconf 89' lang='lat' dir='ltr'>iterum</span> <span class='ocrx_word' id='word_1_78' title='bbox 1494 1110 1653 1146; x_wconf 90' lang='lat' dir='ltr'>contra</span> 
     </span>
     <span class='ocr_line' id='line_1_15' title="bbox 395 1171 1653 1227; baseline -0.001 -14"><span class='ocrx_word' id='word_1_79' title='bbox 395 1177 598 1227; x_wconf 80' lang='lat' dir='ltr'>patrem3</span> <span class='ocrx_word' id='word_1_80' title='bbox 630 1173 762 1227; x_wconf 88' lang='lat' dir='ltr'>cujus</span> <span class='ocrx_word' id='word_1_81' title='bbox 790 1173 1049 1214; x_wconf 86' lang='lat' dir='ltr'>rebellionis</span> <span class='ocrx_word' id='word_1_82' title='bbox 1070 1185 1211 1214; x_wconf 85' lang='lat' dir='ltr'>causa</span> <span class='ocrx_word' id='word_1_83' title='bbox 1233 1172 1331 1213; x_wconf 89' lang='lat' dir='ltr'>haec</span> <span class='ocrx_word' id='word_1_84' title='bbox 1354 1171 1454 1213; x_wconf 88' lang='lat' dir='ltr'>fuit.</span> <span class='ocrx_word' id='word_1_85' title='bbox 1525 1171 1653 1213; x_wconf 90' lang='lat' dir='ltr'>Idem</span> 
     </span>
     <span class='ocr_line' id='line_1_16' title="bbox 395 1237 1654 1291; baseline -0.001 -13"><span class='ocrx_word' id='word_1_86' title='bbox 395 1239 513 1279; x_wconf 90' lang='lat' dir='ltr'>enim</span> <span class='ocrx_word' id='word_1_87' title='bbox 548 1242 679 1291; x_wconf 91' lang='lat' dir='ltr'>pater</span> <span class='ocrx_word' id='word_1_88' title='bbox 717 1238 918 1280; x_wconf 88' lang='lat' dir='ltr'>Ricardo</span> <span class='ocrx_word' id='word_1_89' title='bbox 959 1238 1051 1279; x_wconf 88' lang='lat' dir='ltr'>filio</span> <span class='ocrx_word' id='word_1_90' title='bbox 1091 1251 1175 1279; x_wconf 90' lang='lat' dir='ltr'>suo</span> <span class='ocrx_word' id='word_1_91' title='bbox 1210 1238 1257 1278; x_wconf 93' lang='lat' dir='ltr'>in</span> <span class='ocrx_word' id='word_1_92' title='bbox 1297 1237 1654 1278; x_wconf 85' lang='lat' dir='ltr'>administrando</span> 
     </span>
     <span class='ocr_line' id='line_1_17' title="bbox 396 1303 1655 1357; baseline -0.001 -13"><span class='ocrx_word' id='word_1_93' title='bbox 396 1305 567 1346; x_wconf 90' lang='lat' dir='ltr'>ducatu</span> <span class='ocrx_word' id='word_1_94' title='bbox 603 1303 884 1357; x_wconf 88' lang='lat' dir='ltr'>Aquitanico</span> <span class='ocrx_word' id='word_1_95' title='bbox 916 1305 1037 1345; x_wconf 88' lang='lat' dir='ltr'>vices</span> <span class='ocrx_word' id='word_1_96' title='bbox 1075 1317 1183 1344; x_wconf 91' lang='lat' dir='ltr'>suas</span> <span class='ocrx_word' id='word_1_97' title='bbox 1225 1303 1526 1352; x_wconf 90' lang='lat' dir='ltr'>commiserat,</span> <span class='ocrx_word' id='word_1_98' title='bbox 1561 1303 1655 1344; x_wconf 91' lang='lat' dir='ltr'>filio</span> 
     </span>
     <span class='ocr_line' id='line_1_18' title="bbox 397 1369 1658 1423; baseline -0.001 -13"><span class='ocrx_word' id='word_1_99' title='bbox 397 1383 579 1423; x_wconf 90' lang='lat' dir='ltr'>quoque</span> <span class='ocrx_word' id='word_1_100' title='bbox 611 1369 833 1411; x_wconf 88' lang='lat' dir='ltr'>Gaufrido</span> <span class='ocrx_word' id='word_1_101' title='bbox 865 1370 1154 1411; x_wconf 86' lang='lat' dir='ltr'>Britanniam</span> <span class='ocrx_word' id='word_1_102' title='bbox 1184 1369 1534 1410; x_wconf 87' lang='lat' dir='ltr'>transmarinam</span> <span class='ocrx_word' id='word_1_103' title='bbox 1565 1373 1658 1409; x_wconf 89' lang='lat' dir='ltr'>tra-</span> 
     </span>
     <span class='ocr_line' id='line_1_19' title="bbox 398 1434 1657 1488; baseline -0.001 -12"><span class='ocrx_word' id='word_1_104' title='bbox 398 1436 599 1477; x_wconf 90' lang='lat' dir='ltr'>diderat:</span> <span class='ocrx_word' id='word_1_105' title='bbox 630 1449 789 1477; x_wconf 91' lang='lat' dir='ltr'>verum</span> <span class='ocrx_word' id='word_1_106' title='bbox 819 1436 936 1476; x_wconf 93' lang='lat' dir='ltr'>idem</span> <span class='ocrx_word' id='word_1_107' title='bbox 965 1435 1195 1476; x_wconf 88' lang='lat' dir='ltr'>Henricus</span> <span class='ocrx_word' id='word_1_108' title='bbox 1225 1435 1504 1487; x_wconf 82' lang='lat' dir='ltr'>indignatus,</span> <span class='ocrx_word' id='word_1_109' title='bbox 1535 1434 1657 1488; x_wconf 92' lang='lat' dir='ltr'>quod</span> 
     </span>
     <span class='ocr_line' id='line_1_20' title="bbox 399 1498 1656 1554; baseline 0 -13"><span class='ocrx_word' id='word_1_110' title='bbox 399 1501 586 1543; x_wconf 87' lang='lat' dir='ltr'>fratrem</span> <span class='ocrx_word' id='word_1_111' title='bbox 621 1514 754 1542; x_wconf 92' lang='lat' dir='ltr'>suum</span> <span class='ocrx_word' id='word_1_112' title='bbox 786 1500 1035 1542; x_wconf 87' lang='lat' dir='ltr'>Ricardum</span> <span class='ocrx_word' id='word_1_113' title='bbox 1070 1507 1202 1554; x_wconf 88' lang='lat' dir='ltr'>pater</span> <span class='ocrx_word' id='word_1_114' title='bbox 1238 1498 1502 1553; x_wconf 81' lang='lat' dir='ltr'>Aquitaniae</span> <span class='ocrx_word' id='word_1_115' title='bbox 1541 1513 1656 1554; x_wconf 87' lang='lat' dir='ltr'>prae-</span> 
     </span>
     <span class='ocr_line' id='line_1_21' title="bbox 401 1565 1658 1621; baseline -0.001 -14"><span class='ocrx_word' id='word_1_116' title='bbox 401 1566 600 1616; x_wconf 87' lang='lat' dir='ltr'>fecisset,</span> <span class='ocrx_word' id='word_1_117' title='bbox 629 1567 793 1621; x_wconf 90' lang='lat' dir='ltr'>juncto</span> <span class='ocrx_word' id='word_1_118' title='bbox 828 1567 915 1607; x_wconf 91' lang='lat' dir='ltr'>sibi</span> <span class='ocrx_word' id='word_1_119' title='bbox 946 1566 1086 1607; x_wconf 88' lang='lat' dir='ltr'>fratre</span> <span class='ocrx_word' id='word_1_120' title='bbox 1117 1565 1358 1615; x_wconf 89' lang='lat' dir='ltr'>Gaufrido,</span> <span class='ocrx_word' id='word_1_121' title='bbox 1395 1570 1442 1606; x_wconf 92' lang='lat' dir='ltr'>et</span> <span class='ocrx_word' id='word_1_122' title='bbox 1473 1566 1658 1619; x_wconf 91' lang='lat' dir='ltr'>quibus-</span> 
     </span>
     <span class='ocr_line' id='line_1_22' title="bbox 403 1631 1660 1686; baseline -0.001 -13"><span class='ocrx_word' id='word_1_123' title='bbox 403 1632 507 1673; x_wconf 91' lang='lat' dir='ltr'>dam</span> <span class='ocrx_word' id='word_1_124' title='bbox 533 1633 795 1686; x_wconf 89' lang='lat' dir='ltr'>proceribus</span> <span class='ocrx_word' id='word_1_125' title='bbox 817 1631 1119 1685; x_wconf 86' lang='lat' dir='ltr'>Aquitanicis,</span> <span class='ocrx_word' id='word_1_126' title='bbox 1140 1636 1316 1685; x_wconf 92' lang='lat' dir='ltr'>patrem</span> <span class='ocrx_word' id='word_1_127' title='bbox 1347 1631 1544 1672; x_wconf 89' lang='lat' dir='ltr'>motibus</span> <span class='ocrx_word' id='word_1_128' title='bbox 1565 1631 1660 1672; x_wconf 93' lang='lat' dir='ltr'>bel-</span> 
     </span>
     <span class='ocr_line' id='line_1_23' title="bbox 402 1697 1661 1739; baseline 0.001 -2"><span class='ocrx_word' id='word_1_129' title='bbox 402 1697 501 1738; x_wconf 89' lang='lat' dir='ltr'>licis</span> <span class='ocrx_word' id='word_1_130' title='bbox 538 1697 786 1739; x_wconf 86' lang='lat' dir='ltr'>lacessivit.</span> <span class='ocrx_word' id='word_1_131' title='bbox 859 1697 1002 1739; x_wconf 89' lang='lat' dir='ltr'>Pater</span> <span class='ocrx_word' id='word_1_132' title='bbox 1034 1711 1143 1739; x_wconf 93' lang='lat' dir='ltr'>vero</span> <span class='ocrx_word' id='word_1_133' title='bbox 1181 1710 1283 1739; x_wconf 90' lang='lat' dir='ltr'>cum</span> <span class='ocrx_word' id='word_1_134' title='bbox 1318 1697 1508 1738; x_wconf 89' lang='lat' dir='ltr'>rebelles</span> <span class='ocrx_word' id='word_1_135' title='bbox 1544 1697 1661 1738; x_wconf 90' lang='lat' dir='ltr'>filios</span> 
     </span>
     <span class='ocr_line' id='line_1_24' title="bbox 403 1763 1658 1817; baseline 0 -14"><span class='ocrx_word' id='word_1_136' title='bbox 403 1763 582 1804; x_wconf 90' lang='lat' dir='ltr'>blandis</span> <span class='ocrx_word' id='word_1_137' title='bbox 615 1763 803 1804; x_wconf 92' lang='lat' dir='ltr'>delinire</span> <span class='ocrx_word' id='word_1_138' title='bbox 842 1763 1069 1805; x_wconf 89' lang='lat' dir='ltr'>mandatis</span> <span class='ocrx_word' id='word_1_139' title='bbox 1105 1776 1195 1804; x_wconf 92' lang='lat' dir='ltr'>non</span> <span class='ocrx_word' id='word_1_140' title='bbox 1231 1768 1412 1817; x_wconf 87' lang='lat' dir='ltr'>posset;</span> <span class='ocrx_word' id='word_1_141' title='bbox 1441 1763 1658 1817; x_wconf 91' lang='lat' dir='ltr'>improbis</span> 
     </span>
     <span class='ocr_line' id='line_1_25' title="bbox 404 1827 1660 1882; baseline -0.001 -12"><span class='ocrx_word' id='word_1_142' title='bbox 404 1841 562 1870; x_wconf 85' lang='lat' dir='ltr'>eorum</span> <span class='ocrx_word' id='word_1_143' title='bbox 583 1830 770 1870; x_wconf 90' lang='lat' dir='ltr'>ausibus</span> <span class='ocrx_word' id='word_1_144' title='bbox 791 1830 1075 1878; x_wconf 88' lang='lat' dir='ltr'>obviaturus,</span> <span class='ocrx_word' id='word_1_145' title='bbox 1101 1829 1212 1870; x_wconf 88' lang='lat' dir='ltr'>fines</span> <span class='ocrx_word' id='word_1_146' title='bbox 1234 1827 1537 1882; x_wconf 87' lang='lat' dir='ltr'>Aquitanicos</span> <span class='ocrx_word' id='word_1_147' title='bbox 1558 1842 1660 1870; x_wconf 92' lang='lat' dir='ltr'>cum</span> 
     </span>
     <span class='ocr_line' id='line_1_26' title="bbox 405 1894 1662 1948; baseline 0 -14"><span class='ocrx_word' id='word_1_148' title='bbox 405 1894 610 1935; x_wconf 88' lang='lat' dir='ltr'>exercitu</span> <span class='ocrx_word' id='word_1_149' title='bbox 652 1895 885 1947; x_wconf 82' lang='lat' dir='ltr'>ingressus</span> <span class='ocrx_word' id='word_1_150' title='bbox 925 1899 1008 1935; x_wconf 86' lang='lat' dir='ltr'>est.</span> <span class='ocrx_word' id='word_1_151' title='bbox 1085 1894 1322 1946; x_wconf 88' lang='lat' dir='ltr'>‘Moxque</span> <span class='ocrx_word' id='word_1_152' title='bbox 1363 1894 1451 1935; x_wconf 93' lang='lat' dir='ltr'>Dei</span> <span class='ocrx_word' id='word_1_153' title='bbox 1486 1894 1662 1948; x_wconf 89' lang='lat' dir='ltr'>judicio</span> 
     </span>
     <span class='ocr_line' id='line_1_27' title="bbox 404 1957 1662 2013; baseline 0.001 -14"><span class='ocrx_word' id='word_1_154' title='bbox 404 1959 528 2000; x_wconf 83' lang='lat' dir='ltr'>febre</span> <span class='ocrx_word' id='word_1_155' title='bbox 549 1964 782 2012; x_wconf 90' lang='lat' dir='ltr'>correptus</span> <span class='ocrx_word' id='word_1_156' title='bbox 807 1959 1008 2011; x_wconf 86' lang='lat' dir='ltr'>elanguit</span> <span class='ocrx_word' id='word_1_157' title='bbox 1031 1959 1262 2000; x_wconf 88' lang='lat' dir='ltr'>Henricus</span> <span class='ocrx_word' id='word_1_158' title='bbox 1276 1957 1487 2013; x_wconf 88' lang='lat' dir='ltr'>junior.&#39;⁵</span> <span class='ocrx_word' id='word_1_159' title='bbox 1523 1959 1662 2000; x_wconf 89' lang='lat' dir='ltr'>Cum-</span> 
     </span>
     <span class='ocr_line' id='line_1_28' title="bbox 406 2025 1666 2078; baseline 0.001 -14"><span class='ocrx_word' id='word_1_160' title='bbox 406 2037 495 2077; x_wconf 91' lang='lat' dir='ltr'>que</span> <span class='ocrx_word' id='word_1_161' title='bbox 532 2025 877 2077; x_wconf 84' lang='lat' dir='ltr'>ingravescente</span> <span class='ocrx_word' id='word_1_162' title='bbox 919 2026 1076 2066; x_wconf 91' lang='lat' dir='ltr'>morbo</span> <span class='ocrx_word' id='word_1_163' title='bbox 1115 2025 1432 2078; x_wconf 84' lang='lat' dir='ltr'>desperaretur</span> <span class='ocrx_word' id='word_1_164' title='bbox 1467 2037 1495 2066; x_wconf 88' lang='lat' dir='ltr'>a</span> <span class='ocrx_word' id='word_1_165' title='bbox 1527 2025 1666 2066; x_wconf 91' lang='lat' dir='ltr'>medi-</span> 
     </span>
     <span class='ocr_line' id='line_1_29' title="bbox 409 2090 1663 2144; baseline 0.002 -14"><span class='ocrx_word' id='word_1_166' title='bbox 409 2090 490 2140; x_wconf 88' lang='lat' dir='ltr'>cis,</span> <span class='ocrx_word' id='word_1_167' title='bbox 514 2090 695 2132; x_wconf 91' lang='lat' dir='ltr'>tandem</span> <span class='ocrx_word' id='word_1_168' title='bbox 720 2095 1019 2144; x_wconf 86' lang='lat' dir='ltr'>compunctus</span> <span class='ocrx_word' id='word_1_169' title='bbox 1047 2090 1170 2131; x_wconf 83' lang='lat' dir='ltr'>misit</span> <span class='ocrx_word' id='word_1_170' title='bbox 1202 2090 1259 2131; x_wconf 93' lang='lat' dir='ltr'>ad</span> <span class='ocrx_word' id='word_1_171' title='bbox 1288 2096 1481 2143; x_wconf 89' lang='lat' dir='ltr'>patrem,</span> <span class='ocrx_word' id='word_1_172' title='bbox 1506 2103 1663 2132; x_wconf 85' lang='lat' dir='ltr'>exces-</span> 
     </span>
     <span class='ocr_line' id='line_1_30' title="bbox 409 2155 1667 2208; baseline 0.001 -12"><span class='ocrx_word' id='word_1_173' title='bbox 409 2168 508 2196; x_wconf 90' lang='lat' dir='ltr'>sum</span> <span class='ocrx_word' id='word_1_174' title='bbox 542 2155 771 2197; x_wconf 92' lang='lat' dir='ltr'>humiliter</span> <span class='ocrx_word' id='word_1_175' title='bbox 794 2155 1030 2205; x_wconf 88' lang='lat' dir='ltr'>confitens,</span> <span class='ocrx_word' id='word_1_176' title='bbox 1058 2160 1104 2197; x_wconf 91' lang='lat' dir='ltr'>et</span> <span class='ocrx_word' id='word_1_177' title='bbox 1134 2160 1386 2197; x_wconf 89' lang='lat' dir='ltr'>extremam</span> <span class='ocrx_word' id='word_1_178' title='bbox 1414 2157 1607 2208; x_wconf 85' lang='lat' dir='ltr'>gratiam</span> <span class='ocrx_word' id='word_1_179' title='bbox 1640 2169 1667 2197; x_wconf 92' lang='lat' dir='ltr'>a</span> 
     </span>
     <span class='ocr_line' id='line_1_31' title="bbox 408 2222 1665 2274; baseline 0.001 -13"><span class='ocrx_word' id='word_1_180' title='bbox 408 2226 600 2274; x_wconf 84' lang='lat' dir='ltr'>paterna</span> <span class='ocrx_word' id='word_1_181' title='bbox 648 2222 819 2274; x_wconf 87' lang='lat' dir='ltr'>pietate</span> <span class='ocrx_word' id='word_1_182' title='bbox 871 2222 1137 2274; x_wconf 89' lang='lat' dir='ltr'>deposcens,</span> <span class='ocrx_word' id='word_1_183' title='bbox 1187 2226 1240 2263; x_wconf 93' lang='lat' dir='ltr'>ut</span> <span class='ocrx_word' id='word_1_184' title='bbox 1289 2222 1553 2262; x_wconf 87' lang='lat' dir='ltr'>morientem</span> <span class='ocrx_word' id='word_1_185' title='bbox 1598 2222 1665 2262; x_wconf 94' lang='lat' dir='ltr'>in—</span> 
     </span>
     <span class='ocr_line' id='line_1_32' title="bbox 408 2286 1668 2340; baseline 0 -13"><span class='ocrx_word' id='word_1_186' title='bbox 408 2287 554 2327; x_wconf 89' lang='lat' dir='ltr'>visere</span> <span class='ocrx_word' id='word_1_187' title='bbox 585 2287 863 2339; x_wconf 86' lang='lat' dir='ltr'>dignaretur.</span> <span class='ocrx_word' id='word_1_188' title='bbox 934 2286 1113 2337; x_wconf 86' lang='lat' dir='ltr'>Quibus</span> <span class='ocrx_word' id='word_1_189' title='bbox 1144 2287 1326 2336; x_wconf 92' lang='lat' dir='ltr'>auditis,</span> <span class='ocrx_word' id='word_1_190' title='bbox 1354 2291 1545 2339; x_wconf 88' lang='lat' dir='ltr'>paterna</span> <span class='ocrx_word' id='word_1_191' title='bbox 1570 2288 1668 2340; x_wconf 91' lang='lat' dir='ltr'>qui-</span> 
     </span>
    </p>
   </div>
   <div class='ocr_carea' id='block_1_7' title="bbox 408 2394 1668 2803">
    <p class='ocr_par' dir='ltr' id='par_1_7' title="bbox 408 2394 1666 2484">
     <span class='ocr_line' id='line_1_33' title="bbox 408 2394 1666 2438; baseline 0.002 -9"><span class='ocrx_word' id='word_1_192' title='bbox 408 2398 522 2430; x_wconf 83' lang='lat' dir='ltr'>effects</span> <span class='ocrx_word' id='word_1_193' title='bbox 551 2399 590 2429; x_wconf 87' lang='lat' dir='ltr'>of</span> <span class='ocrx_word' id='word_1_194' title='bbox 614 2408 680 2438; x_wconf 84' lang='lat' dir='ltr'>any</span> <span class='ocrx_word' id='word_1_195' title='bbox 711 2398 913 2430; x_wconf 86' lang='lat' dir='ltr'>churchman</span> <span class='ocrx_word' id='word_1_196' title='bbox 943 2399 1020 2430; x_wconf 90' lang='lat' dir='ltr'>who</span> <span class='ocrx_word' id='word_1_197' title='bbox 1103 2399 1113 2418; x_wconf 87' lang='lat'>¹</span> <span class='ocrx_word' id='word_1_198' title='bbox 1147 2399 1157 2415; x_wconf 87' lang='lat'>‘</span> <span class='ocrx_word' id='word_1_199' title='bbox 1181 2394 1292 2430; x_wconf 83' lang='lat' dir='ltr'>xxm.’</span> <span class='ocrx_word' id='word_1_200' title='bbox 1320 2398 1423 2429; x_wconf 93' lang='lat' dir='ltr'>MSS.</span> <span class='ocrx_word' id='word_1_201' title='bbox 1454 2398 1541 2430; x_wconf 90' lang='lat' dir='ltr'>Coll.</span> <span class='ocrx_word' id='word_1_202' title='bbox 1571 2399 1666 2431; x_wconf 88' lang='lat' dir='ltr'>Arm.</span> 
     </span>
     <span class='ocr_line' id='line_1_34' title="bbox 409 2444 1317 2484; baseline -0.001 -9"><span class='ocrx_word' id='word_1_203' title='bbox 409 2445 529 2475; x_wconf 87' lang='lat' dir='ltr'>should</span> <span class='ocrx_word' id='word_1_204' title='bbox 566 2444 732 2483; x_wconf 84' lang='lat' dir='ltr'>bequeath</span> <span class='ocrx_word' id='word_1_205' title='bbox 772 2444 825 2475; x_wconf 88' lang='lat' dir='ltr'>his</span> <span class='ocrx_word' id='word_1_206' title='bbox 863 2448 1021 2484; x_wconf 82' lang='lat' dir='ltr'>property</span> <span class='ocrx_word' id='word_1_207' title='bbox 1055 2444 1121 2475; x_wconf 88' lang='lat' dir='ltr'>and</span> <span class='ocrx_word' id='word_1_208' title='bbox 1138 2444 1226 2476; x_wconf 86' lang='lat' dir='ltr'>Cott.</span> <span class='ocrx_word' id='word_1_209' title='bbox 1242 2444 1317 2475; x_wconf 92' lang='lat' dir='ltr'>Tib.</span> 
     </span>
    </p>

    <p class='ocr_par' dir='ltr' id='par_1_8' title="bbox 409 2488 1668 2575">
     <span class='ocr_line' id='line_1_35' title="bbox 409 2488 1668 2530; baseline 0 -10"><span class='ocrx_word' id='word_1_210' title='bbox 409 2490 507 2521; x_wconf 84' lang='lat' dir='ltr'>when</span> <span class='ocrx_word' id='word_1_211' title='bbox 523 2490 638 2530; x_wconf 85' lang='lat' dir='ltr'>dying,</span> <span class='ocrx_word' id='word_1_212' title='bbox 653 2490 719 2521; x_wconf 83' lang='lat' dir='ltr'>and</span> <span class='ocrx_word' id='word_1_213' title='bbox 730 2493 787 2520; x_wconf 82' lang='lat' dir='ltr'>not</span> <span class='ocrx_word' id='word_1_214' title='bbox 803 2490 952 2521; x_wconf 84' lang='lat' dir='ltr'>minister</span> <span class='ocrx_word' id='word_1_215' title='bbox 966 2490 1022 2521; x_wconf 88' lang='lat' dir='ltr'>the</span> <span class='ocrx_word' id='word_1_216' title='bbox 1102 2488 1115 2507; x_wconf 73' lang='lat'><strong>²</strong></span> <span class='ocrx_word' id='word_1_217' title='bbox 1144 2491 1154 2507; x_wconf 86' lang='lat'>‘</span> <span class='ocrx_word' id='word_1_218' title='bbox 1183 2490 1323 2521; x_wconf 74' lang='lat' dir='ltr'>Hem-ici</span> <span class='ocrx_word' id='word_1_219' title='bbox 1356 2489 1526 2520; x_wconf 85' lang='lat' dir='ltr'>Henricus</span> <span class='ocrx_word' id='word_1_220' title='bbox 1552 2491 1668 2529; x_wconf 90' lang='lat' dir='ltr'>junior</span> 
     </span>
     <span class='ocr_line' id='line_1_36' title="bbox 410 2533 1490 2575; baseline 0 -9"><span class='ocrx_word' id='word_1_221' title='bbox 410 2537 568 2575; x_wconf 83' lang='lat' dir='ltr'>bequests</span> <span class='ocrx_word' id='word_1_222' title='bbox 599 2537 682 2566; x_wconf 89' lang='lat' dir='ltr'>with</span> <span class='ocrx_word' id='word_1_223' title='bbox 715 2536 767 2566; x_wconf 85' lang='lat' dir='ltr'>his</span> <span class='ocrx_word' id='word_1_224' title='bbox 797 2546 872 2566; x_wconf 90' lang='lat' dir='ltr'>own</span> <span class='ocrx_word' id='word_1_225' title='bbox 903 2536 1022 2568; x_wconf 83' lang='lat' dir='ltr'>hands.</span> <span class='ocrx_word' id='word_1_226' title='bbox 1056 2537 1130 2575; x_wconf 83' lang='lat' dir='ltr'>ejus</span> <span class='ocrx_word' id='word_1_227' title='bbox 1145 2533 1257 2575; x_wconf 85' lang='lat' dir='ltr'>filius,’</span> <span class='ocrx_word' id='word_1_228' title='bbox 1277 2536 1350 2566; x_wconf 90' lang='lat' dir='ltr'>MS.</span> <span class='ocrx_word' id='word_1_229' title='bbox 1367 2536 1490 2566; x_wconf 88' lang='lat' dir='ltr'>Lansd.</span> 
     </span>
    </p>

    <p class='ocr_par' dir='ltr' id='par_1_9' title="bbox 411 2581 1667 2803">
     <span class='ocr_line' id='line_1_37' title="bbox 412 2581 1628 2622; baseline 0 -10"><span class='ocrx_word' id='word_1_230' title='bbox 412 2582 445 2612; x_wconf 88' lang='lat' dir='ltr'>It</span> <span class='ocrx_word' id='word_1_231' title='bbox 470 2583 498 2612; x_wconf 85' lang='lat' dir='ltr'>is</span> <span class='ocrx_word' id='word_1_232' title='bbox 518 2585 585 2622; x_wconf 87' lang='lat' dir='ltr'>not,</span> <span class='ocrx_word' id='word_1_233' title='bbox 609 2582 784 2621; x_wconf 84' lang='lat' dir='ltr'>therefore,</span> <span class='ocrx_word' id='word_1_234' title='bbox 808 2584 840 2612; x_wconf 86' lang='lat' dir='ltr'>to</span> <span class='ocrx_word' id='word_1_235' title='bbox 866 2582 907 2612; x_wconf 93' lang='lat' dir='ltr'>be</span> <span class='ocrx_word' id='word_1_236' title='bbox 932 2592 1023 2613; x_wconf 86' lang='lat' dir='ltr'>won-</span> <span class='ocrx_word' id='word_1_237' title='bbox 1103 2581 1116 2599; x_wconf 85' lang='lat'><strong>³</strong></span> <span class='ocrx_word' id='word_1_238' title='bbox 1141 2582 1303 2621; x_wconf 89' lang='lat' dir='ltr'>Supplied</span> <span class='ocrx_word' id='word_1_239' title='bbox 1318 2581 1400 2611; x_wconf 81' lang='lat' dir='ltr'>from</span> <span class='ocrx_word' id='word_1_240' title='bbox 1419 2582 1493 2611; x_wconf 90' lang='lat' dir='ltr'>MS.</span> <span class='ocrx_word' id='word_1_241' title='bbox 1506 2581 1628 2612; x_wconf 82' lang='lat' dir='ltr'>Lansd.</span> 
     </span>
     <span class='ocr_line' id='line_1_38' title="bbox 411 2626 1666 2667; baseline 0 -9"><span class='ocrx_word' id='word_1_242' title='bbox 411 2628 513 2658; x_wconf 85' lang='lat' dir='ltr'>dered</span> <span class='ocrx_word' id='word_1_243' title='bbox 530 2631 576 2667; x_wconf 82' lang='lat' dir='ltr'>at,</span> <span class='ocrx_word' id='word_1_244' title='bbox 598 2628 670 2658; x_wconf 80' lang='lat' dir='ltr'>that</span> <span class='ocrx_word' id='word_1_245' title='bbox 687 2627 805 2667; x_wconf 83' lang='lat' dir='ltr'>Hem-y</span> <span class='ocrx_word' id='word_1_246' title='bbox 821 2627 940 2658; x_wconf 83' lang='lat' dir='ltr'>should</span> <span class='ocrx_word' id='word_1_247' title='bbox 957 2638 1025 2659; x_wconf 88' lang='lat' dir='ltr'>em·</span> <span class='ocrx_word' id='word_1_248' title='bbox 1105 2626 1116 2644; x_wconf 79' lang='lat'>⁴</span> <span class='ocrx_word' id='word_1_249' title='bbox 1142 2627 1306 2666; x_wconf 88' lang='lat' dir='ltr'>Supplied</span> <span class='ocrx_word' id='word_1_250' title='bbox 1316 2627 1397 2657; x_wconf 86' lang='lat' dir='ltr'>from</span> <span class='ocrx_word' id='word_1_251' title='bbox 1409 2626 1579 2658; x_wconf 86' lang='lat' dir='ltr'>MS.Cott.</span> <span class='ocrx_word' id='word_1_252' title='bbox 1590 2627 1666 2658; x_wconf 87' lang='lat' dir='ltr'>Tib.</span> 
     </span>
     <span class='ocr_line' id='line_1_39' title="bbox 411 2671 1667 2712; baseline 0 -9"><span class='ocrx_word' id='word_1_253' title='bbox 411 2674 509 2704; x_wconf 89' lang='lat' dir='ltr'>brace</span> <span class='ocrx_word' id='word_1_254' title='bbox 526 2673 581 2704; x_wconf 85' lang='lat' dir='ltr'>the</span> <span class='ocrx_word' id='word_1_255' title='bbox 597 2674 824 2712; x_wconf 83' lang='lat' dir='ltr'>opportunity,</span> <span class='ocrx_word' id='word_1_256' title='bbox 835 2673 914 2704; x_wconf 83' lang='lat' dir='ltr'>thus</span> <span class='ocrx_word' id='word_1_257' title='bbox 929 2674 1025 2705; x_wconf 84' lang='lat' dir='ltr'>offer·</span> <span class='ocrx_word' id='word_1_258' title='bbox 1104 2671 1117 2690; x_wconf 81' lang='lat'>⁵</span> <span class='ocrx_word' id='word_1_259' title='bbox 1142 2674 1151 2691; x_wconf 86' lang='lat'>‘</span> <span class='ocrx_word' id='word_1_260' title='bbox 1166 2674 1247 2703; x_wconf 90' lang='lat' dir='ltr'>Mox</span> <span class='ocrx_word' id='word_1_261' title='bbox 1266 2673 1332 2703; x_wconf 89' lang='lat' dir='ltr'>Dei</span> <span class='ocrx_word' id='word_1_262' title='bbox 1351 2673 1482 2712; x_wconf 90' lang='lat' dir='ltr'>judicio</span> <span class='ocrx_word' id='word_1_263' title='bbox 1499 2672 1667 2703; x_wconf 87' lang='lat' dir='ltr'>Henricus</span> 
     </span>
     <span class='ocr_line' id='line_1_40' title="bbox 412 2717 1667 2759; baseline 0.001 -11"><span class='ocrx_word' id='word_1_264' title='bbox 412 2719 466 2756; x_wconf 84' lang='lat' dir='ltr'>ed,</span> <span class='ocrx_word' id='word_1_265' title='bbox 486 2719 524 2749; x_wconf 83' lang='lat' dir='ltr'>of</span> <span class='ocrx_word' id='word_1_266' title='bbox 546 2719 776 2758; x_wconf 66' lang='lat' dir='ltr'>sequestering</span> <span class='ocrx_word' id='word_1_267' title='bbox 794 2719 849 2750; x_wconf 87' lang='lat' dir='ltr'>the</span> <span class='ocrx_word' id='word_1_268' title='bbox 870 2717 1027 2759; x_wconf 85' lang='lat' dir='ltr'>prelate&#39;s</span> <span class='ocrx_word' id='word_1_269' title='bbox 1060 2720 1132 2758; x_wconf 85' lang='lat' dir='ltr'>ipse</span> <span class='ocrx_word' id='word_1_270' title='bbox 1153 2718 1268 2759; x_wconf 89' lang='lat' dir='ltr'>junior</span> <span class='ocrx_word' id='word_1_271' title='bbox 1299 2718 1389 2748; x_wconf 86' lang='lat' dir='ltr'>febre</span> <span class='ocrx_word' id='word_1_272' title='bbox 1417 2721 1588 2757; x_wconf 86' lang='lat' dir='ltr'>correptus</span> <span class='ocrx_word' id='word_1_273' title='bbox 1617 2722 1667 2749; x_wconf 86' lang='lat' dir='ltr'>est</span> 
     </span>
     <span class='ocr_line' id='line_1_41' title="bbox 412 2761 1512 2803; baseline 0.001 -10"><span class='ocrx_word' id='word_1_274' title='bbox 412 2764 534 2795; x_wconf 82' lang='lat' dir='ltr'>hoards</span> <span class='ocrx_word' id='word_1_275' title='bbox 550 2767 583 2794; x_wconf 89' lang='lat' dir='ltr'>to</span> <span class='ocrx_word' id='word_1_276' title='bbox 599 2764 653 2795; x_wconf 86' lang='lat' dir='ltr'>the</span> <span class='ocrx_word' id='word_1_277' title='bbox 670 2774 729 2795; x_wconf 89' lang='lat' dir='ltr'>use</span> <span class='ocrx_word' id='word_1_278' title='bbox 746 2764 783 2794; x_wconf 84' lang='lat' dir='ltr'>os</span> <span class='ocrx_word' id='word_1_279' title='bbox 794 2765 849 2795; x_wconf 85' lang='lat' dir='ltr'>the</span> <span class='ocrx_word' id='word_1_280' title='bbox 865 2775 988 2796; x_wconf 89' lang='lat' dir='ltr'>crown.</span> <span class='ocrx_word' id='word_1_281' title='bbox 1061 2768 1094 2795; x_wconf 85' lang='lat' dir='ltr'>et</span> <span class='ocrx_word' id='word_1_282' title='bbox 1110 2761 1281 2803; x_wconf 81' lang='lat' dir='ltr'>elanguit‚’</span> <span class='ocrx_word' id='word_1_283' title='bbox 1298 2764 1372 2794; x_wconf 81' lang='lat' dir='ltr'>MS,</span> <span class='ocrx_word' id='word_1_284' title='bbox 1390 2763 1512 2794; x_wconf 86' lang='lat' dir='ltr'>Lansd.</span> 
     </span>
    </p>
   </div>
  </div>
 </body>
</html>
