1866 3186
187 364 318 395 Stephen.

171 397 205 422 A.
221 397 253 421 D.
274 397 332 421 1131

185 428 296 454 —1147.

154 494 214 518 Tne
230 475 354 519 cimex-⁷v
383 526 385 529 ¹

151 527 211 551 tine
231 527 311 552 order

153 559 310 585 instituted.

160 1213 192 1238 A.
206 1213 239 1237 D.
251 1211 325 1237 1147.

159 1262 282 1286 Crusade
299 1263 328 1286 to

163 1295 212 1319 the
225 1294 299 1325 Holy

161 1328 249 1358 Land,

371 241 432 285 72
872 250 934 279 cn
942 247 1151 279 RomcoN

624 367 735 409 Ordo
756 367 1174 423 Sempnnqhamoensis
1181 367 1406 422 fwndatua

441 481 614 523 Eodem
635 480 771 521 etiam
800 484 1004 533 tempore
1030 479 1141 521 ordo
1169 476 1637 531 Sempringhamensis

372 546 567 600 sumpsit
608 545 861 595 exordium,
893 557 974 598 per
1006 543 1279 585 Gilbertum¹
1321 544 1468 585 virum
1500 542 1636 595 plane

372 611 639 660 mirabilem,
663 611 711 651 in
739 610 947 651 custodia
967 609 1262 656 feminarum3
1299 609 1372 649 hic
1402 620 1634 649 servorum

374 677 462 718 Dei
499 677 590 719 duo
627 680 674 717 et
713 675 982 717 ancillarum
1018 675 1108 716 Dei
1141 679 1245 716 octo
1283 686 1374 715 non
1418 672 1637 726 ignobilia

372 743 627 784 construxit
649 741 954 782 monasteria:
981 753 1085 793 quae
1106 744 1154 781 et
1175 739 1426 780 numerosis
1448 737 1640 791 replevit

373 807 594 860 collegiis,
622 811 668 848 et
684 807 825 861 juxta
849 806 1005 847 datam
1036 805 1122 847 sibi
1155 805 1425 859 sapientiam
1456 803 1638 856 regula·

374 873 498 914 ribus
518 872 700 914 ornavit
720 872 954 913 institutis.

379 1012 578 1063 Quomodo
611 1012 841 1054 Christiani
870 1014 916 1053 in
944 1012 1117 1054 Terram
1138 1013 1335 1053 Sanctam
1366 1023 1519 1065 parum
1539 1024 1640 1065 pro-

744 1078 951 1132 fecerwnt,
973 1078 1073 1132 quia
1094 1076 1284 1132 Superbi.

444 1184 581 1226 Anno
618 1185 869 1238 supradicti
910 1185 1131 1238 Stephani
1171 1176 1292 1238 regis
1335 1183 1642 1226 ‘undecimo’2

378 1251 616 1292 suscitavit
650 1251 777 1292 Deus
807 1251 1092 1304 omnipotens
1121 1251 1329 1304 spiritum
1361 1250 1642 1292 Christiano-

379 1330 496 1367 rum,
528 1321 574 1357 et
606 1329 740 1357 cruce
770 1316 940 1369 signati
977 1316 1168 1369 profecti
1203 1320 1310 1357 sunt
1340 1316 1370 1358 J
1375 1316 1641 1369 erosolymis

378 1395 462 1423 rex
492 1382 675 1435 quidem
708 1382 914 1423 Franciae
947 1381 1206 1423 Lodovicus
1236 1387 1282 1422 et
1312 1381 1471 1422 consul
1504 1381 1641 1422 Flan-

379 1447 552 1488 drensis
576 1460 678 1488 cum
702 1448 865 1489 comite
888 1447 944 1488 de
967 1447 1135 1489 Sancto
1159 1447 1343 1500 AEgidio
1365 1452 1411 1488 et
1435 1445 1644 1499 Anglicis

379 1513 561 1564 multis3
602 1514 850 1566 imperator
890 1514 1028 1554 etiam
1070 1512 1356 1554 Alemanniae
1403 1512 1642 1554 Conradus

381 1579 599 1633 majorem
645 1579 757 1620 satis
807 1579 1000 1620 adduxit
1046 1580 1322 1629 exercitum3
1372 1578 1644 1631 transiitque

381 1649 572 1697 uterque
603 1645 831 1685 exercitus
857 1658 940 1698 per
970 1645 1288 1698 imperatorem
1324 1643 1643 1686 Constantino-

382 1710 649 1762 politanum,
670 1710 749 1762 qui
778 1722 855 1751 eos
882 1714 1042 1763 postea
1071 1710 1270 1763 prodidit
1299 1715 1344 1751 et
1374 1710 1570 1759 seduxit,
1602 1715 1647 1750 et

383 1775 492 1828 quia
531 1775 801 1816 incedebant
841 1789 945 1817 cum
988 1789 1165 1817 summa
1205 1776 1417 1829 superbia
1459 1776 1560 1817 ideo
1598 1775 1646 1815 in

382 1841 574 1881 nihilum
600 1841 774 1888 redacti
799 1846 921 1890 sunt,
943 1841 1051 1894 quia
1080 1842 1207 1882 Deus
1236 1842 1408 1894 sprevit
1428 1854 1518 1882 eos.
1590 1841 1647 1881 In

383 1906 462 1946 illo
495 1918 692 1958 namque
726 1907 947 1955 exercitu,
973 1911 1018 1947 et
1049 1907 1230 1959 quidem
1259 1911 1467 1958 utroque,
1489 1911 1647 1947 contra

385 1975 662 2012 castrensem
692 1971 978 2024 disciplinam
1001 1975 1070 2012 tot
1090 1971 1187 2025 jam
1209 1972 1330 2012 mala
1351 1972 1648 2021 increverant,

385 2041 436 2077 ut
470 2036 633 2076 mirum
667 2049 758 2077 non
792 2037 851 2077 sit
882 2037 1004 2090 quod
1037 2037 1101 2077 eis
1134 2042 1353 2090 tanquam
1385 2037 1571 2090 pollutis
1604 2042 1650 2077 et

384 2101 628 2143 immundis
681 2101 810 2142 favor
863 2115 1150 2155 nequaquam
1206 2103 1384 2143 divinus
1436 2102 1650 2143 arriserit.

388 2166 551 2208 Castra
583 2167 699 2207 enim
733 2180 760 2208 a
791 2169 1067 2209 castratione
1099 2169 1293 2209 luxuriae
1326 2168 1564 2209 dicuntur:
1604 2174 1651 2209 at

387 2237 540 2273 castra
569 2237 725 2273 nostra
754 2237 883 2274 casta
913 2247 1004 2274 non
1034 2238 1190 2284 erant;
1221 2234 1267 2274 in
1299 2235 1464 2287 quibus
1494 2234 1650 2286 utique

387 2297 553 2339 infelici
575 2298 773 2351 quadam
792 2298 976 2339 licentia
994 2299 1239 2339 multorum
1260 2299 1533 2352 spumabant
1553 2298 1653 2339 libi-

389 2363 542 2415 dines3
574 2369 900 2417 praesumentes
929 2364 1065 2405 etiam
1097 2364 1153 2405 de
1185 2364 1473 2406 multitudine
1504 2369 1549 2405 et
1580 2377 1653 2405 ar-

441 2482 451 2502 ¹
475 2483 608 2516 Gilbert
631 2485 673 2515 de
690 2485 956 2526 Sempringham,
973 2486 1007 2516 in
1039 2486 1110 2525 life,
1134 2487 1267 2518 written
1292 2487 1337 2526 by
1359 2496 1380 2517 a
1403 2490 1654 2526 contemporary

394 2530 636 2570 Lincolnshire,
651 2530 794 2562 founder
816 2531 854 2562 of
875 2531 930 2562 the
957 2542 1008 2562 or·
1040 2532 1213 2572 historian,
1252 2542 1308 2564 see
1347 2533 1519 2573 Dugdale,
1559 2533 1651 2565 Mon.

395 2576 455 2606 der
477 2576 514 2606 of
540 2575 767 2615 Gilbertines;
799 2577 880 2608 born
906 2578 1008 2609 about
1040 2579 1130 2618 Aug.
1148 2578 1183 2610 ii.
1200 2581 1265 2610 669
1280 2581 1315 2610 et
1332 2588 1401 2618 seq.

397 2623 498 2659 1084,
536 2622 615 2653 died
643 2622 713 2653 Sat.
742 2623 821 2654 Feb.
850 2626 881 2663 4,
915 2626 1008 2656 1189.

397 2667 452 2697 He
467 2677 540 2698 was
563 2668 745 2699 canonized
770 2669 813 2708 by
831 2670 925 2708 Pope
950 2670 1006 2700 In-
1088 2670 1100 2688 ²
1124 2670 1184 2701 We
1204 2670 1324 2701 should
1347 2669 1423 2701 here
1448 2669 1528 2700 read
1553 2669 1654 2700 ‘duo-

396 2717 516 2744 nocent
544 2714 615 2746 ΙΙΙ.
646 2714 680 2745 in
713 2717 808 2746 1202.
858 2716 923 2746 For
954 2716 1007 2747 his
1041 2715 1196 2747 decimo.¹
