1866 3186
401 263 487 304 174
623 313 627 317 Ι
887 251 1166 305 οῐὶΒοΝιοοΝ

199 388 328 446 3¹35?
331 388 363 446 91¹·
400 382 553 419 tonem
593 377 738 431 ipsius
778 382 1090 430 pronepotem,
1121 378 1162 418 si
1198 377 1316 419 forte
1354 390 1433 419 rex
1474 390 1663 431 peregre

227 440 233 446 '
276 439 283 446 ’
366 437 374 446 ’
401 443 447 484 in
476 443 572 484 fata
604 442 867 490 decederet;
902 454 956 483 eo
989 442 1112 495 quod
1143 442 1210 483 illi
1239 444 1525 496 potissimum
1553 448 1663 485 nato

400 522 459 550 ex
484 508 704 550 Geofrido
734 508 875 549 fratre
904 508 1026 560 regis
1057 507 1246 562 majore,
1272 509 1501 550 successio
1531 510 1662 562 regni

400 579 706 629 competeret;
739 578 1002 627 protestans
1038 586 1192 626 regem
1228 587 1286 615 ex
1328 574 1484 616 Sicilia
1517 574 1662 616 literis

400 641 487 681 sibi
525 641 709 682 directis
747 638 1002 680 Arthurum
1042 644 1252 693 nepotem
1293 652 1443 689 suum,
1476 640 1515 680 si
1546 639 1664 681 forte

399 707 549 759 ipsum
573 719 663 747 non
684 705 853 747 reverti
874 705 1175 758 contingeret,
1197 706 1327 758 regni
1353 718 1662 746 successorem

402 771 683 825 designasse.
755 770 861 811 Hoc
893 770 1076 823 quidem
1107 771 1374 824 mysterium
1398 771 1517 812 inter
1546 770 1662 812 duos

401 837 506 878 illos
544 841 772 891 potentes,
807 836 1000 877 occultis
1038 840 1288 878 tractatum
1323 837 1540 885 susurris,
1573 849 1663 877 non

402 902 481 943 diu
517 903 653 944 latuit
691 902 966 951 Johannem,
1001 902 1081 954 qui
1119 907 1388 955 conceptum
1426 915 1661 943 rancorem

402 968 560 1009 subtili
579 981 663 1021 pro
683 973 887 1020 tempore
910 967 1092 1008 cautela
1110 968 1402 1008 dissimulans
1424 981 1519 1009 suae
1540 968 1663 1021 parti

402 1046 700 1086 quoscunque
721 1037 902 1086 poterat
923 1033 1169 1085 prudenter
1186 1034 1440 1074 conabatur
1461 1033 1661 1082 allicere,

402 1103 637 1152 artemque
659 1103 759 1139 arte
782 1097 958 1138 studuit
978 1097 1183 1139 illudere.
1254 1099 1378 1139 Dum
1398 1103 1551 1140 autem
1571 1099 1663 1140 ista

401 1177 484 1217 per
521 1163 812 1205 insolentiam
853 1163 1114 1204 cancellarii
1149 1169 1433 1217 gererentur,
1479 1163 1577 1217 regi
1615 1165 1663 1205 in

403 1229 560 1271 Sicilia
581 1229 801 1271 hiemanti
828 1229 1042 1270 universa
1069 1229 1192 1271 fideli
1214 1230 1461 1272 multorum
1485 1230 1663 1271 innotu-

187 1314 266 1346 κίῃς
277 1314 361 1339 meh-
402 1308 478 1337 ere
500 1296 676 1336 relatu:
714 1295 794 1349 qui
817 1308 924 1336 mox
950 1295 1208 1336 Walterum
1241 1296 1660 1348 Rothomagensem

186 1348 375 1410 ἓῖἓεὸῧῧὲῗέἑι,
404 1361 814 1415 archiepiscopum,
836 1361 982 1401 virum
1008 1361 1278 1414 prudentem
1312 1366 1358 1402 et
1390 1361 1662 1410 modestum,

133 1446 135 1448 ¹
187 1413 389 1477 ffil'ss’ssffithe
404 1427 483 1480 qui
507 1440 610 1468 cum
630 1427 731 1480 ipso
759 1426 1005 1475 hiemabat,
1029 1426 1198 1468 direxit
1220 1427 1268 1466 in
1284 1426 1528 1479 Angliam3
1557 1440 1662 1468 eum

187 1481 373 1544 {ffiffissssf
403 1493 517 1546 regii
548 1492 824 1533 auctoritate
858 1491 1067 1545 rescripti
1093 1492 1364 1533 cancellario
1397 1506 1479 1545 per
1509 1493 1663 1533 omnia

402 1557 449 1599 in
482 1557 841 1599 administrando
879 1570 1022 1609 regno
1063 1563 1320 1599 consortem
1358 1563 1404 1599 et
1438 1558 1660 1611 collegam

403 1624 676 1678 adjungens.
746 1623 922 1665 Verum
941 1623 1060 1663 idem
1084 1623 1384 1665 cancellarius
1405 1625 1534 1676 regia
1554 1637 1660 1666 con-

402 1689 590 1743 tempsit
609 1688 844 1738 mandata,
868 1688 1074 1741 allegans
1102 1689 1189 1731 sibi
1219 1694 1375 1731 notam
1405 1702 1504 1732 esse
1535 1691 1660 1744 prin—

402 1755 517 1808 cipis
552 1760 766 1805 mentem,
802 1754 876 1795 cui
915 1756 1062 1808 magis
1099 1755 1503 1809 obtemperandum
1543 1761 1663 1797 esset

403 1833 541 1874 quam
562 1821 661 1862 sine
681 1825 834 1861 mente
857 1821 967 1862 solis
992 1821 1138 1862 literis
1170 1822 1344 1863 scilicet
1376 1823 1663 1875 surreptione

401 1886 598 1927 elicitis.¹
668 1886 878 1939 Cumque
902 1886 1201 1928 Cantuariam
1223 1888 1289 1928 ire
1310 1887 1575 1940 disponeret
1594 1901 1662 1928 se-

403 1952 602 1992 cundum
641 1952 764 2003 regis
799 1951 1064 1993 mandatum
1097 1957 1338 1999 vacantem
1369 1953 1662 1994 ordinaturus

402 2017 659 2066 ecclesiam,
709 2016 1011 2057 cancellarius
1051 2017 1109 2058 ad
1134 2018 1339 2059 ‘eandem
1393 2018 1663 2070 dignitatem

403 2082 628 2135 aspirans,
651 2082 736 2123 hoc
764 2094 867 2123 eum
898 2083 1135 2136 proposito
1156 2083 1247 2124 cito
1267 2084 1411 2133 exuit,
1435 2089 1662 2125 maturam

211 1234 227 1243 a

401 2252 502 2282 quam
525 2243 659 2274 arctiori
681 2243 815 2274 vinculo
845 2245 1015 2274 converta-
1098 2242 1106 2262 ¹
1123 2243 1205 2273 This
1218 2243 1394 2283 reasoning
1405 2243 1442 2274 of
1453 2243 1664 2283 Longchamp

400 2292 468 2329 tur,
479 2289 652 2329 praedictis
668 2289 772 2320 curiae
788 2291 909 2320 vestrae
925 2298 1016 2328 mag·
1049 2289 1078 2319 is
1094 2289 1196 2320 borne
1219 2292 1278 2320 out
1291 2290 1336 2328 by
1351 2289 1407 2320 the
1430 2298 1580 2320 common
1597 2290 1664 2321 law

400 2336 536 2366 natibus
558 2335 594 2366 id
619 2345 662 2367 ex
686 2338 781 2374 parte
796 2337 908 2366 vestra
929 2337 1015 2365 trac-
1050 2334 1087 2365 of
1104 2334 1160 2365 the
1176 2335 1268 2374 time,
1282 2335 1395 2366 which
1416 2335 1577 2367 admitted
1592 2345 1630 2367 as
1644 2345 1664 2367 a

399 2382 562 2421 tantibus,
613 2381 759 2412 Domino
806 2380 1016 2420 disponente,
1050 2381 1227 2421 principle,
1238 2381 1310 2411 that
1321 2381 1351 2411 if
1361 2381 1430 2411 oral
1443 2380 1665 2413 declarations

400 2427 612 2458 condiximus
627 2427 713 2459 inter
723 2426 909 2457 Arthurum
925 2436 1017 2466 egre-
1049 2435 1142 2458 came
1158 2427 1193 2457 in
1214 2427 1346 2458 conflict
1359 2427 1442 2458 with
1462 2427 1595 2458 written
1615 2428 1664 2458 in—

400 2474 491 2513 gium
514 2474 635 2505 ducem
659 2473 857 2512 Britanniae,
878 2472 1017 2504 karissi-
1051 2475 1242 2512 struments,
1271 2473 1326 2503 the
1357 2473 1477 2504 former
1507 2473 1575 2504 had
1608 2473 1664 2504 the

400 2529 491 2550 mum
507 2522 660 2558 nepotem
682 2521 843 2558 nostrum,
863 2520 897 2549 et
911 2518 1017 2549 haere-
1050 2528 1139 2549 more
1155 2519 1294 2559 binding
1309 2518 1489 2558 authority,
1504 2528 1594 2558 upon
1609 2518 1664 2549 the

400 2565 489 2604 dem,
506 2566 535 2596 si
550 2565 635 2596 forte
652 2565 723 2596 sine
740 2564 833 2603 prole
849 2574 908 2595 nos
924 2564 1016 2595 obire
1050 2574 1188 2604 express
1216 2565 1343 2605 ground
1374 2564 1446 2595 that
1470 2564 1526 2595 the
1554 2562 1665 2604 king’s

400 2611 588 2651 contigerit,
612 2613 646 2642 et
670 2610 883 2642 karissimam
914 2610 1015 2641 filiam
1050 2610 1228 2642 intentions
1257 2610 1401 2641 testified
1431 2611 1475 2649 by
1506 2610 1559 2640 his
1589 2619 1664 2640 own

400 2661 557 2696 vestram,
571 2656 874 2688 matrimonium‘in
890 2655 1015 2687 Christi
1050 2656 1163 2687 mouth
1187 2659 1276 2688 must
1297 2656 1437 2696 prevail.
1485 2655 1665 2695 Palgrave,

399 2703 530 2733 nomine
541 2702 912 2743 contrabendum,’'etc.
946 2702 1015 2742 Ry-
1050 2701 1177 2734 Introd.
1194 2703 1270 2735 Rot.
1287 2702 1367 2734 Cur.
1384 2702 1487 2741 Regis
1502 2702 1524 2733 i.
1542 2703 1594 2732 62.

401 2757 484 2788 mer,
498 2748 642 2779 Foedera
659 2748 681 2779 i.
698 2751 751 2779 53.
