1866 3186
215 401 311 431 uenry
325 400 365 425 11.

205 435 239 459 A.
253 434 287 458 D.
304 434 377 458 11⁵6.

195 604 345 636 Geoffrey’s

196 638 280 663 claim
300 641 328 663 to

196 672 302 703 Anjou.

214 2114 312 2145 Hem-y
324 2120 367 2138 re-

214 2147 299 2172 duces
309 2146 412 2178 Anj0u‚

212 2303 269 2327 and
281 2304 395 2329 returns

215 2338 244 2361 to
257 2337 397 2368 England.

216 2438 343 2468 Geoffrey

216 2471 321 2496 elected
343 2470 398 2495 Go-

216 2510 317 2528 vernor
329 2503 360 2527 of

218 2536 335 2561 Names.

403 273 462 316 86
890 281 1168 313 GHRONICON

407 385 698 436 Gaufridum,
731 391 778 427 et
805 384 1104 434 Willelmum,
1138 385 1196 426 ad
1230 388 1438 425 extrema
1464 382 1667 432 venient-3,

407 453 557 495 medio
587 451 783 492 filiorum
812 451 1082 491 comitatum
1109 449 1488 503 Andegavensem
1524 453 1665 490 testa-

410 522 563 560 mento
607 516 809 570 reliquit,
854 516 920 557 sic
963 516 1118 557 dicens
1163 517 1282 557 inter
1319 521 1488 557 caetera
1525 518 1665 555 testa·

411 584 552 626 menti
595 583 667 624 sui
707 582 873 624 verba:
907 581 1025 623 Cum
1069 581 1299 622 Henricus
1338 580 1666 634 plenitudinem

412 649 661 692 obtinuerit
675 648 794 703 juris
814 647 1026 697 materni,
1046 647 1091 688 id
1116 653 1186 688 est
1209 646 1541 688 Normanniam
1564 658 1668 687 cum

413 715 599 768 Anglia,
620 714 751 755 fratri
766 712 992 755 Gaufrido
1013 717 1025 734 ‘
1040 718 1149 755 tunc
1168 710 1530 766 patrimonium'l
1553 712 1669 752 inte-

414 794 494 835 gre
514 780 740 830 dimittat3
764 779 946 820 interim
961 791 1070 821 vero
1091 779 1239 821 dictus
1256 777 1506 820 Gaufridus
1525 777 1671 818 tribus

414 845 632 895 castellis,
654 845 829 886 scilicet
849 848 862 867 ‘
879 843 1176 899 Schynone‚'2
1200 845 1434 894 Leoduno,
1459 848 1505 885 et
1526 842 1670 884 Mira-

414 912 550 961 bello,
571 912 633 952 sit
656 915 908 952 contentus.
979 910 1040 951 Et
1063 911 1172 963 quia
1202 910 1432 952 Henricus
1463 914 1569 951 tunc
1592 909 1672 949 ab·

415 990 520 1020 sens
550 976 714 1026 fuerat,
736 977 856 1017 idem
879 989 1030 1017 comes
1054 977 1291 1031 episcopos
1313 982 1360 1018 et
1388 975 1563 1017 nobiles
1595 974 1674 1028 qui

417 1043 609 1084 aderant
657 1042 889 1096 adjuravit
932 1055 989 1082 ne
1037 1054 1202 1095 corpus
1247 1055 1379 1083 suum
1423 1040 1672 1095 sepulturae

418 1108 689 1157 traderetur,
709 1107 796 1148 nisi
825 1107 1031 1160 praestito
1060 1107 1188 1161 prius
1218 1111 1504 1149 sacramento
1529 1119 1558 1148 a
1580 1105 1674 1147 filio

418 1173 541 1227 quod
591 1178 832 1226 paternum
877 1173 1062 1214 minime
1102 1173 1295 1215 violaret
1337 1176 1672 1215 testamentum.

419 1239 633 1292 Denique
667 1239 747 1280 illo
776 1243 972 1289 mortuo,
1004 1251 1114 1280 mox
1158 1239 1216 1280 ad
1254 1239 1475 1293 exequias
1512 1239 1677 1279 absens

421 1306 542 1346 filius
562 1305 806 1355 concurrit,
829 1308 875 1345 et
903 1304 1060 1346 audita
1081 1304 1368 1359 adjuratione
1388 1309 1580 1358 paterna
1599 1304 1677 1345 diu

422 1371 679 1413 haesitavit:
730 1369 914 1412 tandem
950 1370 1340 1412 conclamantibus
1375 1371 1585 1412 omnibus
1621 1382 1678 1410 ne

423 1437 482 1478 ad
512 1437 838 1490 sempiternum
872 1436 972 1491 ejus
1002 1437 1290 1490 opprobrium
1324 1437 1468 1491 patris
1512 1449 1677 1489 corpus

422 1502 710 1544 inhumatum
752 1507 1023 1553 remaneret,
1057 1502 1206 1544 victus
1242 1503 1496 1551 succubuit,
1531 1507 1578 1543 et
1608 1514 1679 1543 sa-

425 1572 705 1610 cramentum
736 1568 859 1621 quod
892 1569 1164 1621 exigebatur
1195 1582 1287 1610 non
1321 1569 1494 1621 absque
1523 1567 1679 1609 dolore

423 1634 665 1687 praestitit:
697 1646 801 1674 cum
840 1638 993 1675 autem
1031 1646 1222 1686 regnum
1260 1639 1382 1676 esset
1416 1634 1610 1687 adeptus
1653 1645 1682 1674 a

423 1711 602 1740 summo
621 1699 836 1752 pontifice
857 1699 1123 1741 beneficium
1144 1701 1442 1742 absolutionis
1466 1712 1681 1741 consecu-

426 1769 500 1806 tus
513 1769 603 1807 est:
628 1765 904 1819 quaratione
919 1771 1045 1808 tutus
1060 1779 1142 1807 nec
1155 1771 1431 1808 testamento
1446 1766 1590 1819 patris
1599 1778 1682 1806 nec

425 1831 636 1884 petitioni
657 1830 812 1872 fratris
830 1831 1093 1873 satisfacere
1111 1833 1303 1874 curavit.
1375 1832 1507 1874 Unde
1530 1831 1680 1884 indig-

426 1901 562 1937 natus
582 1896 739 1946 frater,
763 1901 810 1937 et
829 1897 974 1938 tribus
994 1898 1336 1950 praenominatis
1354 1898 1552 1939 castellis
1570 1898 1684 1938 bene

426 1962 629 2011 munitis,
665 1961 903 2003 confestim
933 1962 1108 2004 vicinas
1142 1964 1356 2004 turbabat
1395 1963 1680 2016 provincias:

427 2040 511 2068 rex
553 2031 707 2068 autem
741 2027 948 2069 exercitu
984 2041 1176 2082 propere
1210 2033 1488 2082 congregato
1528 2027 1682 2082 Chyn-

430 2105 562 2134 onem
581 2092 775 2142 obsedit,
797 2097 843 2134 et
862 2093 909 2134 in
932 2094 1058 2135 brevi
1078 2107 1159 2147 per
1179 2094 1449 2136 deditionem
1473 2095 1684 2144 obtinuit,

430 2157 650 2211 fratrique
682 2158 919 2201 humiliato
949 2159 1129 2201 veniam
1162 2160 1314 2212 dedit3
1346 2165 1407 2210 et,
1432 2165 1485 2202 ut
1510 2161 1683 2202 occasi-

432 2237 561 2265 onem
584 2224 808 2277 superbiae
829 2225 870 2266 ei
891 2225 1087 2276 tolleret,
1104 2231 1270 2267 terram
1293 2227 1477 2280 planam
1495 2226 1583 2267 sibi
1602 2239 1685 2279 pro

432 2289 596 2331 castris
612 2290 820 2340 contulit,
840 2291 944 2332 etin
959 2290 1175 2344 Angliam
1194 2305 1406 2333 reversus
1419 2297 1503 2333 est.
1552 2296 1565 2313 ‘
1581 2291 1685 2333 Cito

432 2360 537 2408 post
558 2355 789 2409 praeclarae
810 2357 936 2398 urbis
960 2356 1315 2399 Namnethensis
1337 2358 1475 2407 cives,
1496 2362 1686 2407 certum,

432 2421 477 2462 in
492 2434 583 2474 quo
601 2421 687 2462 sibi
700 2421 1048 2474 complacerent,
1065 2423 1297 2464 dominum
1314 2436 1402 2464 non
1414 2423 1662 2473 habentes‚'
1673 2422 1688 2444 ³

433 2487 698 2540 praedictum
721 2486 994 2529 Gaufridum
1024 2488 1249 2530 industria
1271 2494 1504 2530 strenuum
1533 2490 1619 2530 sibi
1643 2489 1688 2529 in

481 2631 488 2650 ¹
514 2634 591 2674 ‘jus
607 2635 806 2674 paternum‚’
827 2635 902 2667 MS.
919 2635 1044 2667 Lansd.
1079 2636 1312 2676 complaceret,
1338 2637 1507 2668 dominum
1538 2647 1601 2668 non
1632 2637 1690 2668 ha-

478 2677 490 2695 ⁹
513 2680 704 2720 ‘Schynos‚'
724 2680 999 2713 MS.Coll.Arm.
1078 2682 1217 2721 bentes‚’
1259 2683 1357 2715 MSS.
1388 2683 1473 2716 Con.
1504 2683 1597 2715 Arm.
1624 2684 1690 2714 and

477 2723 491 2743 ³
536 2726 545 2742 ‘
563 2726 640 2757 Cito
666 2730 743 2765 post
772 2727 936 2766 praeclara
965 2728 1045 2758 urbs
1079 2728 1168 2759 Cott.
1183 2728 1256 2759 Tib.

436 2771 693 2803 Namnethensis
702 2776 842 2813 certum,
852 2774 885 2803 iu
899 2783 965 2812 quo
981 2773 1045 2804 sibi
