1866 3186
449 268 674 300 WAL'I'ERI
713 269 774 298 DE
811 269 1185 299 HEMINGBURGH.
1356 256 1442 298 261

182 372 281 426 ejus
308 377 354 413 et
383 373 640 414 timuissent
663 386 764 414 eum
786 386 840 414 00
862 373 985 427 quod
1012 373 1158 414 multa
1180 372 1302 413 mala
1323 385 1442 426 prae-

179 437 450 479 dicabantur
473 438 529 479 de
550 438 636 480 hoc
661 439 858 489 homine,
880 439 1096 481 dixerunt
1119 439 1239 480 inter
1264 451 1328 488 se,
1354 438 1442 480 “Si

179 504 479 557 applicaverit
528 509 753 558 tyrannus
796 506 881 547 iste
925 505 1125 547 vastabit
1174 504 1343 554 omnia,
1387 517 1441 546 eo

180 570 302 623 quod
328 575 451 612 terra
481 571 755 624 praemunita
782 584 874 612 non
901 576 986 621 est,
1009 576 1055 613 et
1084 571 1219 624 longe
1243 570 1384 612 distat
1414 583 1443 612 a

178 636 308 676 nobis
348 649 430 677 rex
472 650 577 678 cum
617 637 790 678 auxilio
830 649 940 688 suo;
968 640 1207 690 ‘ponamus
1245 649 1355 689 ergo
1396 636 1443 677 in

178 702 388 743 manibus
418 702 586 744 nostris
621 703 795 744 animas
825 707 1006 744 nostras
1040 707 1087 744 et
1121 702 1442 755 aggrediamur

181 780 260 809 eos
295 767 403 809 dum
440 768 589 809 adhuc
631 768 679 809 in
717 768 834 809 mari
871 772 993 817 sunt,
1039 767 1251 821 quoniam
1294 767 1441 808 virtus

180 838 358 875 ‘eorum
390 834 524 875 modo
545 834 732 875 minima
754 837 839 884 est,
861 838 908 875 et
927 832 1123 875 veniet'1
1154 833 1284 873 nobis
1308 833 1440 873 auxi-

180 899 292 940 lium
327 899 383 941 de
421 899 672 941 excelso:'’
708 904 755 941 et
785 899 940 940 intulit
967 911 1087 940 unus
1120 898 1253 953 cujus
1291 898 1441 940 edicto

180 965 335 1006 caeteri
350 965 579 1015 favebant,
598 969 627 987 “
643 965 788 1007 Estne
809 970 1010 1007 vestrum
1027 964 1194 1018 aliquis
1210 964 1289 1018 qui
1307 963 1442 1005 hodie

179 1044 263 1084 pro
280 1030 449 1083 Anglia
469 1031 583 1072 mori
603 1036 792 1085 paratus
815 1032 915 1072 est?
927 1031 953 1047 '³
978 1035 1024 1071 et
1044 1031 1109 1072 ait
1126 1042 1260 1079 unus,
1282 1030 1441 1071 “Ecce

182 1097 324 1150 ego;''
349 1102 397 1138 at
417 1097 509 1148 ille,
532 1097 749 1146 “Tolle,’'
771 1097 936 1150 inquit,
958 1100 1146 1138 “tecum
1167 1096 1376 1146 securim,
1396 1100 1441 1137 et

179 1176 281 1203 cum
325 1163 493 1204 videris
541 1176 623 1204 nos
675 1175 779 1204 cum
821 1175 937 1204 nave
983 1162 1169 1217 tyranni
1209 1161 1440 1214 congredi,

180 1229 335 1269 statim
367 1229 498 1270 navis
528 1229 671 1282 ipsius
704 1228 874 1269 malum
902 1228 1113 1278 ascende,
1144 1231 1191 1269 01
1222 1227 1441 1268 vexillum

181 1294 302 1347 quod
327 1294 374 1334 in
395 1294 539 1336 altum
560 1294 751 1348 erigitur
771 1293 989 1347 deprime,
1010 1299 1062 1335 ut
1083 1294 1148 1335 sic
1172 1293 1442 1346 dispergan-

183 1364 260 1401 tur
295 1365 341 1401 et
387 1364 578 1414 pereant
611 1364 790 1402 caeterae
826 1372 969 1401 naves
1006 1359 1114 1401 dum
1152 1359 1315 1400 ducem
1349 1371 1442 1400 non

179 1425 379 1467 habeant
399 1439 546 1481 neque
567 1437 888 1480 praecessorem
903 1442 914 1474 3
927 1425 954 1441 ’'
992 1425 1264 1467 festinanter
1285 1424 1442 1477 itaque

180 1491 542 1533 conscenderunt
575 1504 717 1534 naves
750 1503 874 1542 suas,
899 1495 945 1532 et
969 1490 1140 1532 laxatis
1169 1490 1227 1531 ad
1256 1494 1442 1532 ventum

180 1558 294 1598 velis
326 1570 429 1598 cum
463 1558 682 1599 immenso
716 1557 890 1610 impetu
915 1557 1144 1598 irruerunt
1178 1556 1224 1597 in
1257 1555 1439 1604 hostes;

183 1623 461 1676 tradiditque
492 1623 716 1664 Dominus
756 1635 833 1663 eos
877 1623 924 1663 in
968 1635 1131 1663 manus
1174 1634 1346 1671 eorum,
1383 1626 1444 1670 et,

184 1690 339 1730 multis
364 1690 609 1730 submersis
631 1693 676 1730 01
700 1686 982 1741 peremptis,2
1005 1687 1176 1729 reversi
1207 1691 1316 1728 sunt
1339 1699 1444 1728 cum

184 1755 351 1808 gaudio
373 1760 419 1796 et
441 1755 597 1808 praeda
631 1767 814 1807 magna,
851 1757 897 1795 et
930 1753 1137 1795 salvatus
1168 1757 1238 1794 est
1262 1765 1375 1806 puer
1399 1757 1445 1794 et

183 1834 330 1863 novus
353 1834 436 1862 rex
457 1834 538 1874 per
557 1833 746 1873 puerum
770 1819 800 1861 J
805 1832 932 1860 esum
954 1823 1223 1872 regnantem
1242 1818 1289 1858 in
1314 1830 1443 1858 secu-

183 1887 243 1929 la.
307 1886 439 1928 Unde
460 1886 604 1927 fertur
625 1886 773 1940 ipsum
800 1898 968 1927 novum
993 1898 1147 1938 regem
1169 1888 1181 1906 ‘
1196 1881 1352 1925 dum'³
1373 1883 1445 1924 die

183 1951 381 2006 quadam
418 1964 571 1993 coram
612 1951 747 1993 altari
787 1952 934 1992 beatae
981 1950 1170 2004 virginis
1213 1947 1446 1990 ‘Mariae’⁴

184 2025 230 2059 et
251 2018 332 2059 filii
356 2018 428 2059 sui
449 2018 570 2071 regis
591 2017 840 2067 assisteret,
862 2017 955 2058 tale
978 2017 1166 2058 verbum
1187 2015 1446 2069 protulisse,

158 2130 166 2138 ι
186 2084 361 2136 “Rogo
384 2088 428 2125 10
447 2097 639 2137 puerum
661 2096 815 2135 regem
837 2085 847 2104 ‘
865 2080 964 2123 ut’⁵
984 2095 1056 2123 me
1077 2095 1232 2135 regem
1254 2093 1446 2134 puerum

185 2150 240 2190 de
261 2154 428 2190 caetero
449 2162 583 2201 regas
607 2154 653 2189 et
673 2147 937 2189 defendas.’'

234 2296 243 2315 ¹
267 2299 329 2329 ‘eo
351 2298 449 2329 modo
470 2298 609 2328 minima
630 2299 664 2327 et
684 2295 798 2335 venit‚’
833 2295 878 2334 by
909 2294 1071 2334 Richard,
1101 2303 1122 2324 a
1151 2292 1290 2324 bastard
1326 2301 1385 2323 son
1415 2292 1453 2323 of

186 2344 262 2375 MS.
275 2344 361 2376 Coll.
372 2345 465 2375 Arm.
479 2354 488 2381 3
513 2343 523 2360 ‘
536 2352 649 2374 eorum
661 2342 799 2373 minima
834 2341 927 2381 King
942 2340 1046 2372 John,

186 2393 219 2421 et
234 2387 367 2429 veniet‚’
385 2389 460 2421 MS.
476 2388 564 2421 Cott.
580 2388 656 2419 Tib.
876 2395 889 2414 ³
912 2397 923 2415 ι
936 2397 1036 2437 cum‚'
1051 2395 1128 2427 MS¹
1145 2394 1271 2426 Lansd·

232 2434 245 2451 ²
267 2435 432 2487 Am⁰⁰g⁸t
486 2434 543 2466 ‘¹¹⁶³
596 2433 684 2464 dead
725 2441 797 2463 ΜΒ
878 2452 891 2471 ⁴
914 2452 1079 2493 Supplied
1093 2452 1176 2483 from
1193 2451 1269 2483 Ms.
1287 2450 1409 2482 Lansd.

187 2483 334 2513 Eustace
365 2480 511 2520 himself,
540 2479 629 2519 who,
659 2478 745 2510 aster
777 2488 798 2509 a

186 2537 300 2559 severe
326 2526 488 2566 struggle,
503 2525 622 2565 falling
648 2525 717 2555 into
741 2523 797 2554 the
878 2520 891 2538 ⁶
915 2520 992 2559 ‘et‚’
1021 2519 1121 2551 MSS.
1147 2518 1234 2551 Con,
1262 2518 1357 2549 Arm.
1383 2516 1450 2549 and

187 2573 293 2605 hands
313 2573 351 2604 of
369 2573 425 2603 the
450 2571 603 2611 English,
619 2579 691 2602 was
712 2570 797 2601 slain
833 2567 921 2600 Cott.
939 2566 1015 2598 Tib.

1477 381 1574 413 Hem-y
1588 381 1644 407 111.

1476 415 1511 440 A.
1525 415 1560 439 D.
1574 414 1647 439 1217.
