1866 3186
229 395 314 421 John.

190 429 224 454 A.
233 429 267 454 D.
280 428 355 454 1208.

173 489 229 514 and
242 488 295 520 my

172 521 318 547 baninhod.

185 734 220 759 A.
230 733 264 758 D.
280 733 355 758 1212.

174 776 236 802 The
248 776 356 801 narona

173 809 272 834 revolt.

177 1348 209 1373 A.
222 1348 258 1373 D.
273 1348 347 1372 1213.

176 1391 237 1416 The
250 1390 327 1422 King

178 1424 263 1448 aenda
275 1430 312 1448 an

176 1457 305 1488 embassy
314 1458 343 1481 to

177 1490 227 1514 the
241 1489 324 1521 Pope.

180 1766 249 1805 ‘rw-o
260 1765 366 1804 legato·

178 1806 272 1824 arnve
283 1805 313 1823 m

182 1831 324 1863 England.

387 269 476 311 238
878 278 1158 309 annomeon

388 380 565 434 ensem¹
597 381 853 434 episcopos,
893 380 989 433 egit
1029 380 1129 433 ipse
1170 393 1255 422 rex
1288 380 1336 422 in
1369 380 1572 429 exilium,
1604 384 1652 420 et

388 447 535 490 multa
553 447 647 489 alia
667 446 804 496 mala,
824 446 1075 499 instigante
1095 445 1293 496 diabolo,
1313 446 1608 500 perpetravit.

525 610 725 662 Quomodo
746 607 911 665 subjecit
930 608 1130 665 Anqliam
1152 608 1290 663 Ouriae
1308 609 1516 651 Romam.

459 708 582 750 Dum
603 710 662 750 ab
681 709 838 762 iniquo
859 721 967 761 rege
987 707 1100 749 talia
1121 711 1368 761 agerentur
1393 706 1651 749 insurrexe-

390 779 498 816 runt
515 775 562 815 in
585 787 689 816 eum
716 779 957 828 magnates
986 774 1074 823 sui,
1103 778 1150 814 et
1182 773 1411 827 praecipue
1441 772 1508 813 illi
1536 785 1650 826 quo-

389 853 491 882 rum
509 853 679 881 uxores
701 840 970 889 violaverat,
994 844 1229 881 moventes
1248 839 1335 879 sibi
1352 838 1652 892 quaestionem

390 910 437 946 et
448 905 664 954 dicentes,
692 910 721 928 “
737 905 832 947 Cur
851 906 918 947 ita
937 905 1056 946 male
1076 905 1193 957 agis,
1215 904 1255 946 Ο
1278 917 1378 954 rex,
1400 917 1502 945 cum
1519 904 1651 957 plebe

391 977 488 1020 tua,
508 984 650 1024 quare
670 971 819 1023 legem
838 971 928 1012 Dei
950 971 1018 1012 tui
1040 974 1087 1011 et
1106 970 1250 1023 ipsius
1270 969 1487 1011 mandata
1501 975 1650 1011 trans-

392 1036 630 1089 grederis‘l
701 1036 812 1078 Non
845 1036 966 1077 enim
999 1035 1197 1077 vivimus
1227 1036 1275 1076 in
1311 1035 1414 1088 lege
1451 1035 1541 1076 Dei
1570 1036 1650 1077 sed

393 1102 521 1144 velut
554 1102 758 1143 haeretici
791 1101 902 1143 facti
935 1114 1091 1142 sumus
1121 1101 1170 1142 in
1201 1101 1511 1143 confusionem
1546 1114 1652 1143 nos-

395 1173 528 1218 tram,
548 1168 596 1209 in
624 1172 798 1209 sanctae
827 1167 988 1209 matris
1014 1167 1219 1209 ecclesiae
1248 1167 1655 1220 transgressionem

394 1246 635 1286 magnam:
667 1246 787 1274 nunc
806 1246 916 1287 ergo
944 1233 1175 1286 resipisce,
1202 1238 1284 1274 aut
1310 1237 1432 1274 certe
1458 1233 1654 1286 poenite-

394 1299 464 1340 bis
498 1299 546 1340 in
575 1304 824 1353 posterum,
857 1299 1071 1353 quoniam
1100 1298 1361 1353 hujusmodi
1383 1298 1507 1339 mala
1526 1298 1651 1340 dein·

394 1377 501 1418 ceps
542 1365 810 1407 sustinenda
847 1378 938 1406 non
971 1364 1125 1406 sunt.'’
1205 1364 1391 1405 Timens
1425 1377 1534 1405 vero
1568 1365 1654 1406 sibi

394 1443 477 1471 rex
508 1430 715 1472 delinivit
746 1443 826 1472 eos
861 1430 1012 1471 verbis
1050 1429 1266 1484 pacificis,
1311 1435 1358 1471 et
1399 1430 1550 1471 missis
1594 1431 1653 1471 ad

395 1508 564 1549 papam
602 1496 779 1537 nunciis
834 1496 1016 1549 rogavit
1055 1500 1107 1537 ut
1145 1496 1193 1536 in
1231 1500 1405 1537 statum
1448 1495 1653 1538 ecclesiae

396 1561 551 1602 reduci
599 1566 756 1615 posset
804 1566 851 1603 et
905 1561 1100 1611 admitti,
1157 1561 1236 1614 qui
1287 1561 1436 1602 sinum
1495 1562 1654 1603 matris

396 1627 605 1680 aperiens
623 1640 678 1668 eo
699 1626 821 1680 quod
851 1632 1011 1668 sancta
1037 1631 1185 1668 mater
1213 1626 1406 1668 ecclesia
1433 1627 1655 1680 gremium

395 1705 486 1734 non
509 1692 681 1734 claudit
704 1692 928 1743 redeunti,
948 1693 1072 1735 misit
1090 1693 1139 1734 in
1158 1691 1373 1746 Angliam
1394 1693 1509 1734 duos
1528 1693 1654 1747 lega-

395 1762 468 1799 tos
507 1756 786 1800 cardinales²
827 1771 933 1800 cum
971 1758 1252 1812 plenitudine
1294 1759 1536 1812 potestatis
1576 1760 1655 1812 qui

397 1824 677 1865 omnimodas
721 1824 926 1865 ecclesiae
966 1837 1131 1865 causas
1171 1830 1218 1865 et
1258 1824 1381 1877 regis
1422 1824 1656 1866 molestias

396 1889 715 1942 ponderarent,
755 1894 802 1930 et
843 1889 934 1930 fine
977 1889 1131 1930 debito
1171 1890 1482 1931 terminarent.
1560 1890 1654 1932 Ve-

395 1955 570 1995 nientes
593 1958 746 1995 autem
769 1954 828 1995 ad
850 1967 1005 2007 regem
1026 1956 1084 1996 ab
1107 1967 1162 1996 eo
1184 1954 1428 1996 honorifice
1456 1956 1657 2009 suscepti

395 2024 518 2068 sunt,
540 2024 587 2060 et
605 2019 886 2061 induxerunt
914 2033 1018 2061 eum
1048 2020 1256 2073 inprimis
1277 2025 1329 2061 ut
1355 2033 1512 2062 omnes
1541 2034 1654 2062 exu-

396 2084 545 2126 lantes
563 2089 610 2126 et
632 2098 716 2138 pro
729 2085 835 2140 jure
855 2085 1059 2127 ecclesiae
1088 2086 1369 2138 proscriptos
1389 2086 1448 2127 ad
1469 2087 1654 2140 propria

396 2156 633 2192 revocaret
675 2155 721 2192 et
761 2150 818 2191 ad
855 2151 1007 2202 omnia
1037 2151 1313 2193 restitueret.
1390 2150 1495 2202 Quo
1532 2152 1655 2194 facto

395 2215 503 2257 licet
524 2216 661 2257 variis
690 2216 820 2258 varia
849 2221 860 2239 ‘
879 2217 1168 2258 censentibus
1182 2216 1218 2238 ’³
1248 2221 1495 2270 antequam
1524 2219 1655 2259 bene-

395 2281 547 2322 ficium
585 2281 886 2323 absolutionis
927 2287 1083 2335 posset
1122 2283 1383 2335 promereri,
1417 2282 1473 2324 de
1514 2282 1656 2324 libero

444 2460 452 2479 ¹
471 2456 1009 2498 Eustace,ChancellorandDean
1043 2457 1110 2488 and
1125 2456 1204 2488 died
1229 2459 1264 2488 at
1286 2457 1439 2498 Reading
1453 2467 1495 2489 on
1519 2458 1574 2490 the
1590 2459 1656 2491 2nd

393 2505 431 2536 of
448 2505 637 2544 Salisbury,
651 2502 864 2535 consecrated
881 2503 1008 2542 Bishop
1043 2513 1081 2534 or
1096 2503 1155 2534 ard
1171 2502 1209 2534 of
1220 2503 1404 2543 February,
1420 2506 1516 2536 1214.

394 2551 433 2582 of
459 2551 610 2589 Lincoln‚
644 2549 796 2589 Sunday,
826 2548 946 2580 March
977 2551 1008 2588 1,
1089 2547 1102 2566 '
1124 2548 1320 2589 Pandulph,
1358 2549 1414 2580 the
1446 2550 1656 2588 Subdeacon,

396 2599 493 2629 1198.
539 2596 637 2627 After
651 2595 707 2627 the
721 2594 816 2636 lapse
832 2594 870 2626 of
881 2595 1008 2626 several
1042 2595 1109 2625 and
1129 2594 1306 2633 Nicholas,
1327 2594 1455 2634 Bishop
1473 2596 1511 2626 of
1527 2596 1656 2627 Tuscu—

393 2652 504 2682 years,
532 2642 634 2682 being
661 2640 850 2673 reconciled
884 2643 919 2672 to
953 2640 1008 2672 the
1042 2641 1125 2680 lum,
1144 2640 1225 2671 hod.
1244 2640 1407 2681 Frascati,
1422 2641 1456 2671 in
1481 2641 1536 2672 the
1556 2641 1653 2672 Cam-

396 2688 501 2728 King,
525 2688 567 2719 he
596 2687 752 2719 returned
781 2690 815 2718 to
841 2687 1008 2727 EngIand,
1043 2695 1155 2726 pagna
1170 2686 1207 2716 di
1222 2686 1340 2717 Roma.

1089 2731 1102 2750 ³
1124 2732 1135 2749 ‘
1145 2728 1384 2771 consentibus,’
1396 2731 1471 2763 MS.
1484 2731 1573 2763 cott.
1582 2733 1658 2772 Tib,
