1866 3186
400 289 488 332 208
888 301 1165 334 cnaomoon

207 415 368 474 2132531914.
404 403 724 458 Lugdunensis
757 404 1142 459 archiepiscopus,
1163 406 1243 460 qui
1262 412 1370 448 tunc
1394 406 1658 448 Londonias

187 466 374 533 ,ognsmhj
405 476 619 521 venerat3
652 476 699 512 et
720 470 828 512 dum
858 471 978 512 inter
1007 471 1227 525 quosdam
1258 473 1380 514 viros
1410 473 1658 514 honoratos

187 536 327 600 ἷξξζξοῑ
405 537 625 579 existeret
653 537 731 590 qui
763 537 818 578 de
851 538 1024 590 proprii
1056 537 1271 591 principis
1298 538 1465 579 duritia
1499 551 1657 593 quere-

405 608 578 653 rentur,
611 607 640 625 “
661 603 865 652 Nolite,'’
888 603 1051 657 inquit,
1084 603 1193 644 “sic
1228 603 1370 655 loqui,
1407 604 1509 646 dico
1538 605 1657 645 enim

405 670 536 710 vobis
588 669 710 723 quod
753 682 835 711 rex
876 675 1028 711 vester
1066 669 1114 709 in
1156 670 1497 722 comparatione
1536 671 1656 723 regis

406 734 686 788 Francorum
700 735 922 776 heremita
934 735 1050 777 est.”
1075 735 1373 777 Cui-rentibus
1386 735 1527 788 igitur
1539 736 1659 777 inter

403 813 534 854 reges
557 801 761 854 induciis,
786 814 1014 842 armorum
1037 801 1256 842 exercitia
1277 815 1380 855 quae
1400 801 1541 855 vulgo
1565 805 1659 843 tor-

188 882 313 908 'rouma-
348 914 354 921 ι
404 873 646 908 neamenta
668 867 879 908 dicuntur
898 867 946 907 in
967 866 1138 920 Anglia
1157 867 1377 908 celebrari
1398 872 1658 921 coeperunt;

187 918 388 981 ῗῗῗῗιῖ“ἐιῗέἶ”“
404 945 512 985 rege
543 933 590 973 id
625 932 895 974 decernente
931 946 1023 975 non
1059 933 1214 974 odiose
1249 933 1430 987 quidem
1465 933 1545 974 sed
1576 946 1659 986 pro

188 981 264 1007 ¹⁸⁰⁶'
403 998 503 1039 solo
546 999 764 1039 exercitio
807 1004 946 1051 atque
986 999 1293 1039 ostentatione
1336 999 1517 1052 virium,
1599 999 1660 1040 Et

403 1063 502 1104 haec
547 1064 827 1106 concertatio
872 1064 1083 1105 militaris
1127 1076 1361 1117 nunquam
1402 1065 1448 1105 in
1488 1064 1662 1117 Anglia

403 1129 544 1170 fuisse
586 1130 804 1179 noscitur,
845 1129 933 1170 nisi
975 1129 1023 1170 in
1065 1130 1222 1171 diebus
1264 1130 1384 1182 regis
1423 1130 1661 1184 Stephani,

404 1196 684 1248 temporibus
705 1208 887 1249 quoque
912 1195 1105 1237 Henrici
1125 1195 1313 1236 secundi
1331 1196 1410 1250 qui
1427 1196 1659 1250 Stephano

404 1262 626 1303 successit
646 1267 859 1315 tyronum
880 1261 1111 1302 exercitiis
1136 1265 1148 1283 ‘
1163 1261 1250 1302 in’¹
1278 1260 1451 1315 Anglia
1472 1275 1659 1316 prorsus

405 1326 626 1377 inhibitis,
668 1327 736 1368 illi
779 1328 858 1381 qui
901 1340 1130 1368 armorum
1176 1326 1367 1379 gloriam
1414 1328 1660 1381 cupiebant

406 1393 777 1443 transfretabant,
797 1398 850 1434 ut
879 1393 926 1433 in
950 1393 1155 1434 confiniis
1186 1392 1267 1433 illa
1290 1393 1452 1434 saltem
1475 1406 1660 1435 exerce·

405 1463 522 1499 rent.
584 1458 889 1500 Considerans
919 1458 1061 1511 igitur
1097 1458 1287 1500 illustris
1318 1471 1400 1499 rex
1431 1458 1659 1500 Ricardus

406 1523 569 1565 Gallos
603 1524 649 1565 in
680 1524 967 1566 conflictibus
987 1529 1118 1565 tanto
1140 1537 1240 1565 esse
1263 1524 1459 1566 acriores
1489 1530 1661 1578 quanto

407 1590 766 1640 exercitatiores,
786 1590 856 1631 sui
876 1602 1056 1642 quoque
1071 1589 1200 1642 regni
1217 1590 1384 1631 milites
1399 1590 1446 1630 in
1466 1591 1662 1644 propriis

406 1655 572 1696 finibus
603 1668 816 1697 exercere
857 1655 1021 1706 voluit,
1063 1661 1116 1696 ut
1161 1668 1220 1696 ex
1245 1660 1661 1698 torneamentorum

407 1721 596 1762 solemni
645 1721 867 1776 praeludio
915 1726 1059 1763 artem
1112 1721 1399 1763 addiscerent
1438 1735 1661 1776 usumque

407 1787 643 1830 bellorum.
716 1788 777 1830 Et
817 1788 923 1828 licet
960 1787 1220 1841 hujusmodi
1271 1792 1586 1830 torneamenta
1615 1789 1662 1829 in

407 1853 553 1894 tribus
568 1853 771 1895 conciliis
786 1866 814 1894 a
833 1853 1056 1894 Romanis
1072 1853 1362 1906 pontificibus
1377 1853 1662 1904 Innocentio,

408 1919 631 1972 Eugenio,
674 1924 720 1960 et
764 1917 1032 1959 Alexandro
1077 1918 1174 1959 fieri
1224 1918 1584 1972 prohibeantur?
1614 1921 1661 1960 in

407 1985 573 2037 quibus
615 1989 784 2025 mortes
825 1983 1056 2025 hominum
1090 1990 1136 2025 et
1169 1984 1371 2037 pericula
1409 1986 1660 2026 animarum

406 2062 529 2103 saepe
560 2050 852 2103 proveniunt,
876 2062 979 2090 cum
1002 2049 1256 2104 adjectione
1287 2063 1437 2103 poenae
1472 2064 1662 2104 sequen-

406 2116 494 2163 tis;
529 2116 638 2168 quia
660 2116 699 2156 si
723 2117 824 2168 quis
859 2116 1024 2156 ibidem
1051 2120 1258 2157 mortuus
1279 2115 1429 2165 fuerit,
1453 2117 1663 2170 quamvis

404 2181 445 2222 ei
468 2182 671 2234 poscenti
693 2194 783 2223 non
807 2187 999 2234 negetur
1022 2181 1303 2234 poenitentia,
1329 2187 1482 2223 tamen
1507 2182 1663 2224 Chris-

404 2247 530 2288 tiana
550 2251 707 2288 careat
736 2247 985 2301 sepultura.
1057 2247 1232 2288 Milites
1254 2252 1406 2288 tamen
1435 2247 1663 2289 ferventes

456 2380 463 2398 ¹
487 2379 638 2410 Omitted
656 2380 690 2410 in
705 2379 781 2411 MS.
798 2379 886 2411 0011.
902 2379 996 2412 Arm.
1039 2377 1042 2385 ’
1057 2380 1287 2411 considerable
1318 2390 1436 2412 source
1452 2381 1490 2412 of
1507 2390 1665 2414 revenue.

1058 2426 1111 2465 By
1126 2435 1147 2457 a
1162 2426 1259 2466 brief,
1271 2426 1374 2458 dated
1389 2427 1480 2467 Aug.
1497 2430 1551 2467 22,
1569 2430 1664 2468 1194,

451 2469 464 2488 ²
487 2470 519 2501 A
542 2471 628 2502 later
650 2471 827 2502 inhibition
850 2471 930 2502 than
954 2480 1020 2511 any
1055 2471 1097 2503 he
1135 2472 1272 2503 informs
1304 2472 1359 2503 the
1389 2473 1601 2513 Archbishop
1631 2474 1669 2505 of

405 2517 443 2547 of
463 2517 556 2548 these
582 2527 655 2548 was
684 2517 756 2548 that
785 2517 823 2548 of
850 2517 1019 2549 Celestine
1055 2517 1263 2558 Canterbury
1284 2518 1322 2548 of
1340 2528 1361 2549 a
1382 2519 1507 2550 licence
1530 2520 1572 2550 he
1598 2519 1664 2550 had

407 2562 492 2602 111.,
506 2562 597 2601 who,
613 2563 647 2593 in
662 2565 758 2603 1193,
774 2563 881 2594 under
891 2564 969 2603 pain
985 2563 1024 2594 of
1055 2564 1194 2603 granted
1213 2564 1264 2595 for
1283 2564 1420 2605 holding
1439 2568 1664 2596 tournaments

406 2608 653 2640 ecclesiastical
690 2618 844 2647 censure,
880 2609 1018 2640 forbade
1035 2596 1039 2626 ι
1054 2610 1088 2640 in
1113 2610 1175 2641 five
1199 2610 1352 2641 different
1374 2611 1489 2650 places
1504 2611 1663 2651 through-

407 2664 472 2693 any
496 2658 724 2686 tournaments
748 2658 781 2685 to
813 2655 854 2686 be
877 2655 954 2686 held
984 2656 1019 2686 in
1054 2659 1113 2686 out
1143 2656 1312 2696 England,
1337 2667 1380 2687 on
1410 2657 1466 2687 the
1496 2657 1664 2688 condition

408 2700 575 2739 England.
626 2701 718 2740 King
734 2700 948 2741 Richard‚on
966 2701 1018 2732 his
1054 2701 1127 2732 that
1157 2711 1257 2741 every
1281 2702 1351 2733 earl
1380 2706 1513 2741 present
1542 2702 1663 2733 should

406 2749 520 2776 return
560 2745 644 2777 from
683 2747 739 2777 the
778 2747 871 2786 Holy
910 2747 1018 2786 Land,
1054 2757 1121 2786 pay
1139 2750 1171 2778 to
1198 2747 1253 2778 the
1282 2748 1374 2786 King
1397 2751 1522 2786 twenty
1538 2748 1664 2787 marks,

405 2791 525 2821 turned
558 2791 623 2822 this
653 2792 743 2822 edict
780 2793 849 2822 into
885 2802 906 2823 a
937 2802 1017 2831 very
1033 2783 1037 2819 Ῐ
1055 2802 1155 2831 every
1171 2793 1274 2824 baron
1290 2797 1358 2832 ten,
1374 2793 1439 2823 and
1456 2803 1493 2824 so
1509 2803 1562 2824 on.
