1866 3186
361 248 447 290 200
863 258 1136 290 canonicor«

166 376 331 435 ffiiimsi'ei‘
365 362 587 417 quosdam
624 362 762 404 etiam
806 363 1010 416 pecuniis
1049 363 1370 418 locupletiores
1409 362 1625 417 spoliant,

193 428 199 435 ‘
237 428 243 435 '
324 426 331 434 ’
367 429 549 470 nomine
591 427 916 481 redemptionis
959 429 1097 482 regiae
1139 430 1307 472 factum
1351 442 1484 471 suum
1527 427 1626 482 pal-

369 495 551 536 liantes,
621 493 863 536 Postremo
895 499 947 536 ut
981 494 1108 536 nulla
1139 500 1324 538 vacaret
1354 495 1551 544 occasio,
1582 499 1628 535 et

370 560 604 602 residuum
619 573 765 601 erucae
778 559 974 610 locusta,
994 560 1220 602 residuum
1241 561 1431 603 locustae
1446 562 1629 609 brucus,

371 627 562 682 ejusque
598 626 828 668 residuum
863 627 1028 679 rubigo
1063 628 1337 676 absumeret,
1373 626 1533 668 deinde
1569 625 1628 667 ad

375 705 486 735 vasa
519 705 651 733 sacra
681 697 868 734 ventum
901 698 987 734 est.
1057 692 1118 734 Et
1148 694 1361 746 quoniam
1402 705 1457 734 ea
1486 693 1534 733 in
1563 704 1630 732 re-

373 759 681 812 demptionem
727 758 1034 812 quorumlibet
1082 758 1283 800 fidelium
1329 759 1629 812 captivorum,

375 824 573 878 expendi
622 837 712 865 non
771 829 953 866 tantum
1004 825 1229 866 concessit
1280 838 1437 866 verum
1494 824 1632 865 etiam

374 891 550 932 monuit
567 889 826 931 veneranda
845 895 1027 944 patrum
1050 891 1280 941 discretio,
1301 891 1445 932 multo
1469 890 1633 931 fortius

375 956 534 997 eadem
561 956 783 1009 captivati
812 961 822 978 ‘
838 955 1103 1010 principis'¹
1133 957 1437 1011 redemptioni
1468 955 1633 997 debere

375 1022 593 1075 proficere
634 1021 890 1075 judicatum
940 1027 1025 1064 est.
1114 1022 1280 1076 Itaque
1330 1036 1411 1076 per
1455 1034 1632 1063 omnem
1681 1031 1684 1033 ’

375 1088 504 1141 regni
528 1086 712 1140 Anglici
741 1087 1029 1129 latitudinem
1062 1088 1305 1130 traduntur
1329 1088 1447 1129 sacri
1470 1087 1635 1129 calices

376 1154 668 1195 exactoribus
699 1154 853 1206 regiis,
878 1154 951 1195 vel
980 1154 1285 1207 indulgenter,
1308 1154 1354 1195 id
1389 1158 1475 1204 est,
1498 1152 1637 1207 paulo

375 1219 493 1260 infra
522 1218 699 1273 pondus
731 1219 1036 1262 redimuntur:
1083 1233 1277 1274 cumque
1300 1220 1401 1275 jam
1431 1220 1524 1261 fere
1554 1231 1636 1259 ex-

378 1285 556 1326 inanita
599 1286 805 1339 pecuniis
846 1285 1021 1339 Anglia
1070 1286 1315 1336 videretur,
1360 1291 1406 1327 et
1456 1284 1639 1326 lassatis

380 1355 392 1373 ‘
411 1350 778 1392 executoribus'2
801 1352 955 1404 regiis,
977 1352 1245 1405 exquirendi
1265 1352 1402 1393 etiam
1421 1351 1640 1405 pecunias

379 1417 643 1458 occasiones
666 1417 1030 1469 languescerent,
1055 1422 1154 1459 tota
1177 1422 1329 1459 tamen
1351 1417 1432 1458 illa
1455 1429 1637 1459 coacer-

381 1484 523 1532 vatio,
547 1487 599 1523 ut
621 1482 803 1533 dicitur,
833 1483 891 1524 ad
922 1483 1238 1536 complendam
1262 1484 1400 1536 regiae
1431 1483 1639 1535 redemp-

382 1548 522 1590 tionis
567 1552 706 1602 atque
748 1562 1050 1602 expensarum
1090 1549 1190 1603 ejus
1232 1561 1456 1589 summam
1491 1548 1640 1590 minus

382 1613 586 1655 sufficere
601 1614 768 1667 potuit.
830 1614 1138 1665 Quamobrem
1160 1619 1431 1668 praetaxatae
1453 1627 1640 1655 summae

382 1685 514 1733 parte
544 1679 708 1733 majori
735 1679 955 1722 ministris
976 1681 1265 1734 imperatoris
1301 1679 1539 1735 appensa,3
1559 1693 1643 1720 rex

383 1746 607 1795 consulte,
647 1759 704 1787 ne
755 1759 840 1787 sua
885 1760 1026 1800 supra
1075 1746 1259 1788 modum
1301 1746 1644 1800 protraheretur

386 1812 631 1861 relaxatio,
666 1825 748 1865 pro
782 1818 914 1865 parte
944 1813 1127 1853 residua
1159 1812 1422 1865 imperatori
1457 1825 1539 1865 per
1568 1813 1645 1853 ob·

170 1896 309 1934 nonages
387 1878 509 1918 sides
538 1877 726 1918 idoneos
757 1878 1008 1929 satisfecit3
1048 1878 1466 1930 Rothomagensem
1497 1877 1645 1918 archi-

170 1929 354 1994 {iss'ssxtgrfhe
388 1944 667 1996 episcopum,
683 1948 729 1984 et
743 1943 970 1984 Eliensem
991 1943 1270 1996 episcopum,
1292 1956 1392 1984 cum
1416 1943 1643 1984 nobilibus

389 2009 594 2062 plurimis
618 2009 796 2049 nomine
818 2009 1027 2050 obsidum
1050 2009 1315 2062 imperatori
1340 2009 1537 2050 tradens.

437 2144 446 2162 ¹
471 2142 621 2174 Omitted
636 2142 670 2173 in
685 2142 784 2174 MSS.
803 2141 890 2174 Coll.
906 2142 1000 2174 Arm.
1032 2142 1165 2174 amined
1187 2143 1233 2182 by
1248 2143 1304 2175 the
1328 2143 1481 2183 imperial
1504 2143 1645 2184 officere,

390 2189 457 2220 and
473 2188 560 2220 Cott.
577 2188 651 2220 Tib.
1033 2198 1104 2220 was
1117 2189 1286 2229 conveyed
1300 2191 1369 2220 into
1384 2190 1439 2221 the
1456 2190 1647 2229 Emperor's

436 2234 450 2252 ²
472 2235 481 2252 ‘
492 2234 727 2274 exactoribus,'
743 2234 819 2265 MS.
837 2234 964 2266 Lansd.
1033 2236 1219 2266 dominicus
1233 2239 1268 2267 at
1279 2235 1334 2267 the
1347 2235 1415 2267 risk
1436 2236 1474 2266 of
1484 2237 1539 2267 the
1556 2236 1648 2276 King

437 2280 451 2300 ³
473 2281 544 2312 The
583 2291 714 2320 money,
751 2280 837 2311 after
878 2280 1002 2320 having
1033 2281 1071 2311 of
1088 2282 1253 2321 England.
1304 2282 1388 2322 Rog.
1411 2282 1453 2313 de
1470 2283 1647 2322 Hoveden,

392 2328 475 2359 been
490 2326 653 2365 carefully
669 2327 845 2358 estimated
862 2327 928 2357 and
944 2337 1001 2358 ex·
1034 2325 1114 2360 Rer.
1131 2328 1221 2367 Ang.
1239 2328 1364 2368 Script.
1381 2330 1458 2360 732.
