1866 3186
409 271 497 313 296
903 280 964 310 CH
971 280 1180 312 RONICON

198 394 393 455 Anii‘ffissffl-
415 385 494 439 qui
535 397 618 438 pro
659 383 862 426 ecclesiae
905 382 1108 424 subsidio
1152 381 1281 423 missi
1329 381 1511 422 fuerant
1553 378 1675 419 ultra

226 446 234 454 ’
262 446 337 486 1'2’85-
416 454 612 500 montes,
627 463 730 491 cum
750 449 949 490 redirent
970 448 1028 488 ad
1049 448 1221 488 curiam
1236 459 1329 488 una
1349 459 1451 488 cum
1470 444 1674 499 praelatis

200 514 354 579 ffiffissss.
418 516 574 557 multis
607 516 687 569 qui
720 514 778 556 ad
815 514 1055 556 concilium
1085 512 1394 566 properabant
1422 524 1504 564 per
1534 522 1675 551 naves

420 581 694 623 Pisanorum
713 579 967 634 captivavit
982 583 1029 620 et
1046 578 1250 620 retinuit.
1305 576 1485 628 Quibus
1506 588 1674 629 provo-

419 652 550 689 catus
570 646 748 701 injuriis
769 645 1065 687 Innocentius
1083 656 1204 698 papa
1223 642 1470 697 praedictus
1483 641 1539 682 de
1552 653 1676 682 com-

204 723 357 760 1sexpom-
419 713 547 754 muni
584 711 775 753 consilio
811 711 955 752 totius
985 709 1166 751 concilii
1200 710 1350 762 ipsum
1388 706 1677 748 Fredericum

204 755 377 780 'mmmm'
418 777 611 820 terribili
636 777 926 819 anathemate
956 775 1291 824 condemnavit,
1318 778 1364 815 et
1390 772 1680 826 exigentibus

420 843 565 897 culpis
589 843 685 884 suis
709 843 767 884 ab
787 842 965 896 imperii
987 840 1210 894 dignitate
1236 839 1461 893 deposuit.
1533 837 1681 878 Facta

421 913 530 949 sunt
563 908 662 949 haec
691 908 738 948 in
770 907 946 949 octavis
983 906 1131 947 sancti
1159 905 1384 947 Johannis
1420 903 1677 956 Baptistae:

421 986 524 1026 quae
540 985 643 1014 cum
659 973 863 1014 audisset
881 972 958 1013 ille
973 971 1208 1024 depositus
1222 969 1496 1022 contempsit
1512 969 1680 1017 omnia,

362 1029 364 1031 ’
422 1043 468 1080 et
505 1037 991 1079 excommunicationis
1022 1041 1069 1077 et
1102 1036 1400 1090 depositionis
1430 1033 1681 1075 sententias

205 1113 404 1172 ggffittgffis
422 1117 506 1157 pro
540 1103 681 1144 nihilo
710 1107 942 1156 reputans,
976 1101 1281 1154 imperatoriae
1312 1099 1567 1154 majestatis
1597 1111 1680 1152 po-

397 1163 614 1210 ’tentiam
645 1174 697 1210 ut
726 1169 853 1222 prius
885 1167 1092 1209 exercuit
1122 1172 1168 1209 et
1198 1165 1499 1215 continuavit,
1536 1165 1681 1206 misit-

423 1247 511 1287 que
531 1234 749 1288 epistolas
773 1246 882 1275 suas
905 1234 963 1274 ad
984 1233 1221 1275 universos
1243 1232 1365 1274 orbis
1386 1230 1614 1285 principes
1636 1229 1682 1270 in

422 1300 520 1341 haec
543 1301 759 1342 verba.—

657 1446 929 1500 Oonqueritur
947 1458 1068 1500 super
1089 1445 1160 1487 hoo
1184 1445 1446 1486 Fredericus.

206 1571 399 1597 Manifestoor
491 1557 760 1599 Fredericus
783 1558 872 1599 Dei
896 1559 1048 1611 gratia
1079 1565 1166 1601 etc.
1189 1558 1400 1601 omnibus
1431 1559 1614 1611 regibus
1638 1562 1684 1599 et

205 1606 404 1663 Ὲῖαῗῖῗέἶποῐ
421 1622 702 1676 principibus
735 1636 815 1676 per
848 1624 1109 1666 universam
1148 1624 1541 1666 christianitatem
1577 1636 1683 1664 con-

421 1688 611 1738 stitutis,
633 1689 844 1730 salutem.
916 1689 1031 1731 Illos
1061 1690 1215 1732 felices
1246 1690 1462 1731 describit
1484 1689 1683 1742 antiqui-

423 1758 496 1794 tas
527 1754 692 1807 quibus
718 1767 777 1796 ex
799 1754 950 1796 alieno
969 1760 1219 1808 praestatur
1241 1755 1424 1797 cautela
1454 1754 1682 1809 periculo;

423 1823 574 1860 status
610 1832 806 1873 namque
843 1821 1077 1873 sequentis
1110 1821 1334 1862 formatur
1369 1834 1426 1862 ex
1458 1820 1683 1874 principio

423 1885 739 1937 praecedentis,
770 1890 816 1927 et
845 1890 898 1926 ut
926 1886 1269 1939 impressionem
1298 1899 1403 1927 cera
1432 1886 1594 1938 recipit
1623 1898 1683 1926 ex

424 1949 592 2002 sigillo,
614 1950 680 1990 sic
700 1953 713 1971 ‘
729 1949 888 1990 eadem
909 1951 1008 1991 vice
1023 1949 1055 1971 '¹
1077 1951 1299 1992 formatur
1320 1951 1577 1992 mortalitas
1602 1963 1683 1990 ex-

424 2014 601 2066 emplo:
635 2014 751 2054 hanc
778 2014 952 2055 utinam
979 2014 1243 2057 felicitatem
1278 2021 1437 2057 nostra
1459 2016 1682 2057 serenitas

423 2083 753 2132 praeoptasset;
792 2084 838 2121 et
880 2093 1016 2132 quam
1045 2082 1236 2122 cautelae
1263 2081 1494 2122 solertiam
1524 2085 1536 2102 ‘
1556 2081 1684 2122 vobis

424 2144 609 2196 regibus
633 2144 808 2186 scilicet
832 2144 1082 2187 Christiani
1111 2145 1283 2199 reges'2
1309 2160 1368 2188 ex
1391 2151 1558 2188 nostrae
1585 2158 1682 2187 ma-

419 2209 604 2263 jestatis
649 2210 790 2251 nimia
831 2210 1017 2252 laesione
1063 2212 1377 2265 relinquimus,
1424 2212 1464 2253 O
1508 2213 1682 2253 utinam

424 2275 551 2328 prius
573 2275 650 2316 alii
675 2289 807 2327 reges
838 2280 884 2317 et
903 2277 1130 2331 principes
1153 2277 1249 2319 laesi
1270 2282 1283 2300 ‘
1297 2278 1505 2319 similiter
1522 2276 1555 2299 '³
1578 2277 1681 2318 reli-

423 2386 532 2417 vaded
569 2386 623 2417 his
658 2386 857 2426 domininus,
888 2387 930 2418 he
962 2396 1035 2418 was
1068 2388 1125 2419 the
1148 2388 1315 2429 Gibelins,
1335 2388 1412 2419 who
1435 2389 1598 2428 regarded
1613 2388 1681 2419 him

423 2431 535 2463 forced
558 2435 592 2463 to
611 2432 774 2463 conclude
789 2442 810 2463 a
829 2436 937 2472 treaty
953 2433 1034 2463 with
1069 2443 1107 2465 as
1135 2434 1191 2465 the
1220 2434 1306 2474 light
1334 2434 1373 2465 of
1398 2434 1580 2473 Germany,
1609 2443 1681 2465 was

422 2477 478 2508 the
505 2477 628 2517 sultan,
655 2478 827 2517 February
858 2481 910 2518 18,
938 2481 1035 2518 1229,
1068 2480 1204 2519 equally
1219 2480 1443 2520 undeserving
1457 2480 1512 2511 the
1528 2480 1632 2511 abuse
1648 2479 1686 2510 of

423 2523 489 2553 and
498 2523 655 2554 returned
665 2523 773 2556 home.
793 2524 856 2554 We
865 2534 942 2563 may
953 2524 1032 2555 here
1067 2525 1123 2557 the
1138 2526 1290 2565 opposite
1306 2526 1441 2557 faction.

421 2569 554 2600 remark
577 2569 649 2599 that
671 2579 733 2600 our
752 2569 871 2600 author
891 2569 952 2601 has
973 2570 1034 2601 fol-

419 2613 530 2644 lowed
546 2614 600 2645 the
616 2614 771 2654 Guelphs
787 2616 821 2646 in
833 2615 886 2646 his
897 2615 1032 2647 charac-

419 2662 470 2689 ter
499 2659 537 2690 of
564 2660 632 2691 this
662 2661 787 2699 prince,
817 2661 930 2692 whose
961 2662 1031 2701 life,
1112 2647 1125 2666 ²
1145 2650 1261 2680 ‘vobis
1291 2649 1323 2681 Ο
1349 2649 1530 2681 ChriStiaui
1561 2647 1680 2689 “³8³⁵”

418 2704 544 2744 though
566 2706 616 2736 far
630 2706 761 2745 enough
777 2705 859 2737 from
875 2707 1030 2747 meriting
1065 2696 1139 2727 MS·
1158 2695 1281 2726 LanSd·

418 2748 472 2779 the
489 2751 675 2789 eulogiums
690 2751 819 2790 heaped
837 2762 927 2791 upon
942 2754 969 2783 it
984 2753 1028 2791 by
1110 2749 1123 2769 ³
1144 2753 1153 2769 ‘
1164 2748 1358 2791 humiliter‚'
1376 2752 1449 2783 MS.
1466 2750 1590 2781 Lansd.

1117 2585 1125 2604 ¹
1150 2588 1325 2619 ‘humanae
1342 2587 1447 2627 vitae,’
1462 2587 1537 2619 MS.
1556 2587 1680 2618 Lansd.
