1866 3186
462 253 687 285 WAurEm
722 253 784 283 DE
815 253 1192 283 HEMINGBURGH.
1367 242 1455 283 265

500 434 558 475 M
556 447 667 490 aqna
694 434 823 475 Carta
845 432 1119 475 Libertatwm.

255 541 522 592 Henricus,¹
568 543 657 584 Dei
696 543 862 596 gratia,
901 556 985 585 rex
1018 542 1216 596 Angliae‚
1245 542 1452 584 dominus
1487 535 1660 595 {5322}ss

189 607 458 662 Hyberniae‚
476 608 573 649 dux
598 608 1212 663 Normanniae,Aquitaniae,
1235 614 1281 650 et
1302 621 1453 650 comes
1472 625 1580 655 magna

188 672 490 727 Andegaviae,
521 674 890 728 archiepiscopis,
922 674 1163 728 episcopis,
1195 675 1454 724 abbatibus,
1470 658 1585 683 cnm*

189 740 435 793 prioribus,
485 740 742 791 comitibus,
794 741 1058 790 baronibus,
1098 740 1455 789 vicecomitibus,

190 805 465 859 praepositis,
490 805 725 856 ministris,
750 810 796 847 et
812 806 1021 847 omnibus
1041 805 1225 846 ballivis
1245 810 1290 846 et
1311 804 1456 846 fideli-

191 873 276 912 bus
308 872 403 912 suis
433 875 705 924 praesentem
736 875 910 913 cartam
931 871 1221 925 inspecturis,
1242 871 1454 913 salutem.

193 937 358 978 Sciatis
387 937 507 991 quod
530 949 613 978 nos
633 937 803 979 intuitu
826 937 929 987 Dei,
950 942 996 979 et
1016 950 1100 991 pro
1120 936 1271 978 salute
1293 937 1456 978 animae

194 1008 361 1044 nostrae
385 1008 431 1044 et
452 1003 703 1044 animarum
725 1007 1066 1045 antecessorum
1081 1007 1127 1044 et
1144 1014 1457 1044 successorum

194 1073 470 1118 nostrorum,
505 1068 563 1109 ad
595 1068 924 1110 exaltationem
959 1074 1132 1111 sanctae
1166 1068 1386 1118 ecclesiae,
1410 1073 1456 1110 et

194 1134 555 1176 emendationem
596 1134 726 1188 regni
769 1135 928 1184 nostri,
968 1140 1223 1190 spontanea
1260 1139 1305 1176 et
1336 1135 1457 1176 bona

194 1200 432 1242 voluntate
464 1204 621 1241 nostra
656 1200 862 1242 dedimus
892 1205 940 1242 et
968 1201 1276 1243 concessimus
1308 1200 1456 1241 archi-

195 1266 436 1320 episcopis,
463 1266 704 1320 episcopis,
730 1267 987 1317 abbatibus,
1014 1267 1259 1321 prioribus,
1279 1266 1455 1308 comiti-

194 1332 331 1381 tibus,
354 1332 616 1382 baronibus,
639 1337 685 1373 et
704 1332 912 1373 omnibus
933 1332 990 1374 de
1014 1345 1156 1386 regno
1177 1337 1350 1382 nostro,
1374 1332 1458 1373 has

195 1398 430 1439 libertates
466 1397 765 1451 subscriptas,
803 1398 1022 1440 tenendas
1049 1398 1094 1439 in
1129 1411 1270 1451 regno
1302 1403 1460 1439 nostro

200 1463 380 1516 Angliae
411 1463 457 1504 in
497 1458 782 1517 perpe'tuum.
875 1463 1106 1518 Imprimis
1153 1464 1460 1506 concessimus

200 1529 315 1578 Deo,
338 1534 384 1570 et
405 1529 492 1570 hac
519 1530 734 1582 praesenti
759 1534 888 1570 carta
909 1535 1065 1572 nostra
1087 1530 1460 1572 confirmavimus

199 1608 282 1648 pro
324 1595 455 1636 nobis
497 1599 543 1635 et
590 1594 844 1636 haeredibus
883 1597 1052 1637 nostris
1090 1596 1139 1637 in
1173 1600 1460 1650 perpetuum,

199 1660 321 1714 quod
367 1660 625 1713 Anglicana
668 1660 862 1702 ecclesia
911 1661 1055 1703 libera
1100 1662 1160 1703 sit
1202 1666 1248 1702 et
1294 1661 1462 1703 habeat

201 1727 353 1767 omnia
367 1726 475 1780 jura
497 1739 583 1767 sua
604 1726 785 1779 integra
807 1731 853 1767 et
882 1726 1117 1769 libertates
1146 1740 1255 1768 suas
1274 1727 1460 1769 illaesas.

130 1770 182 1807 2⁰
203 1792 520 1834 Concessimus
549 1791 687 1833 etiam
719 1796 730 1814 ‘
747 1791 996 1834 omnibus’2
1026 1793 1180 1834 liberis
1202 1793 1461 1834 hominibus

201 1858 330 1911 regni
362 1858 524 1907 nostri,
557 1870 641 1911 pro
676 1858 808 1899 nobis
845 1864 892 1900 et
921 1858 1178 1901 haeredibus
1216 1858 1383 1900 nostris
1413 1858 1462 1899 in

202 1928 489 1978 perpetuum,
522 1922 749 1965 ‘omnes'³
787 1923 1022 1966 libertates
1058 1925 1355 1978 subscriptas,
1379 1924 1460 1965 ha-

202 1990 376 2030 bendas
416 1994 462 2031 et
502 1989 724 2030 tenendas
763 1989 828 2031 eis
880 1995 926 2031 et
974 1990 1230 2033 haeredibus
1268 1990 1361 2031 suis
1405 1990 1464 2031 de

202 2056 333 2096 nobis
381 2062 427 2096 et
467 2055 722 2096 haeredibus
763 2055 1021 2097 ‘nostris.'⁴
1090 2056 1138 2097 Si
1176 2056 1279 2110 quis
1323 2056 1462 2097 comi—

133 2105 184 2142 25
203 2126 301 2162 tum
343 2121 415 2161 vel
460 2122 682 2161 baronum
715 2125 977 2162 nostrorum
1020 2122 1117 2163 sive
1162 2122 1354 2162 aliorum
1396 2126 1464 2162 te-

204 2186 407 2227 nentium
451 2186 506 2226 de
547 2186 678 2227 nobis
712 2186 758 2226 in
793 2187 943 2240 capite
984 2200 1066 2240 per
1113 2187 1350 2228 servitium
1380 2188 1464 2227 mi-

203 2252 335 2294 litare
371 2258 578 2293 mortuus
621 2251 772 2301 fuerit,
810 2257 856 2293 et
899 2265 1000 2293 cum
1038 2252 1290 2315 decesserit
1319 2252 1465 2292 haeres

146 789 170 826 5

126 1113 174 1150 10

202 2397 259 2429 the
295 2397 416 2428 Tower
454 2397 492 2427 of
534 2396 684 2427 London.
746 2395 819 2427 The
853 2398 988 2429 Cartam
1020 2398 1146 2429 domini
1185 2398 1326 2428 Henrici
1363 2407 1470 2437 quon-

203 2443 383 2474 variations
407 2442 446 2474 of
472 2442 730 2482 Hemingburgh
763 2451 819 2473 are
852 2444 930 2475 dam
953 2444 1043 2483 regis
1069 2444 1203 2483 Angliae
1229 2445 1335 2482 patris
1364 2444 1467 2474 nostri

204 2491 301 2529 given
318 2489 350 2518 in
377 2498 419 2519 an
435 2488 617 2528 Appendix
633 2491 668 2519 at
683 2488 738 2519 the
755 2488 819 2519 end
853 2490 895 2521 de
926 2490 1138 2521 libertatibus
1168 2490 1303 2529 Angliae
1337 2490 1371 2520 in
1394 2489 1468 2521 haec

204 2536 242 2566 of
254 2535 309 2566 the
326 2535 469 2565 volume.
855 2537 967 2568 verba.
1041 2535 1224 2574 Hem-icus,
1265 2536 1327 2568 &c.
1390 2535 1469 2567 Rot.

274 2579 283 2598 ¹
302 2580 493 2610 Edwardus
524 2579 591 2610 Dei
623 2579 732 2618 gratia
761 2587 820 2609 rex
855 2582 939 2613 Stat.
957 2584 997 2612 25
1015 2581 1079 2613 Ed.
1097 2582 1127 2613 Ι.
1144 2582 1178 2612 in
1194 2581 1293 2613 Turr.
1311 2581 1418 2614 Lond.

209 2627 340 2667 Angliae
376 2626 532 2656 dominus
570 2625 757 2664 Hyberniae
787 2627 822 2655 et
902 2639 915 2658 2
936 2641 946 2659 ς
958 2645 992 2673 et
1006 2642 1161 2673 dedimus
1177 2642 1332 2674 omnibus
1347 2641 1358 2657 2

205 2673 275 2704 dux
292 2671 499 2711 Aquitaniae,
515 2671 670 2702 omnibus
682 2670 726 2701 ad
737 2679 821 2709 quos
903 2696 915 2715 3
937 2698 981 2729 ‘h
1036 2698 1046 2712 ,
1336 2665 1344 2674 ⁰

207 2721 388 2758 pra-sentes
436 2717 542 2748 literae
600 2716 822 2756 pervenerint,
984 2708 1032 2730 ³⁸·

207 2765 363 2796 salutem.
412 2763 628 2803 inspeximus
660 2763 821 2802 Magnam
903 2759 915 2778 ⁴
930 2762 1074 2793 ‘nostris
1091 2761 1363 2801 imperpetuum?
