1866 3186
470 275 693 307 WAurssm
727 277 789 307 DE
820 277 1196 310 Hancnuncu.
1363 268 1449 309 149

184 377 334 420 factus
355 384 426 421 est
450 380 580 422 fratri
595 381 651 423 de
672 387 839 423 caetero
858 382 1040 432 infidus,
1053 387 1099 424 et
1123 382 1284 424 ultimo
1304 383 1447 424 mani·
1495 393 1618 420 aicham
1630 394 1654 419 1·

184 443 298 485 feste
336 445 555 488 infestus:
599 447 778 489 indulta
817 448 935 489 enim
976 449 1018 490 ei
1053 449 1302 491 tetrarchia
1342 449 1450 490 fecit
1481 427 1563 452 m).
1577 427 1653 452 ¹¹⁸9'

184 521 288 550 eum
309 512 481 554 ambire
501 513 826 555 monarchiam.

506 658 702 702 Vendidit
719 660 809 702 Rem
826 660 1028 702 Dominia
1047 675 1137 702 sua.

252 771 526 826 Ranulphus
546 772 603 814 de
625 772 886 815 Glanevilla
904 774 1034 826 regni
1053 778 1324 826 procurator
1342 787 1444 815 cum
1462 793 1597 825 nanuum
1610 794 1645 818 de

177 837 277 891 jam
307 838 580 890 grandaevus
610 843 745 888 esset,
777 843 824 879 et
858 839 1033 881 videret
1068 851 1097 880 a
1127 852 1235 892 rege
1270 840 1444 881 novitio
1459 827 1628 890 2233&

182 902 328 944 multa
359 904 508 944 minus
545 904 752 945 consulte
785 909 831 946 et
862 904 1115 958 improvide
1145 905 1342 955 actitari,
1370 918 1443 946 so·
1460 893 1621 956 ffffsctssc‘i’fify,

182 967 394 1009 lemniter
426 970 698 1010 renuncians
729 968 909 1019 officio,¹
937 969 1321 1011 Dunolmensem²
1352 972 1443 1025 epi·
1460 990 1627 1015 mansue-

181 1046 372 1087 scopum
409 1034 569 1076 habuit
606 1047 930 1085 successorem,
966 1035 1047 1090 qui
1086 1049 1168 1077 nec
1202 1036 1443 1077 obluctans
1460 1023 1661 1087 ἳῗῑξῖἰιίἶῗῖἔὼε

181 1099 435 1154 injunctum
468 1113 496 1141 a
530 1114 637 1153 rege
666 1101 869 1154 suscepit
904 1100 1126 1153 officium;
1158 1101 1237 1143 sed
1269 1102 1308 1142 si
1339 1115 1444 1154 pro-
1461 1089 1600 1114 Dumm'

181 1166 281 1218 prio
301 1165 464 1207 fuisset
480 1171 722 1208 contentus
743 1165 907 1216 officio,
927 1166 1068 1207 divini
1082 1167 1201 1221 juris
1222 1171 1235 1189 ‘
1249 1166 1434 1208 multo’³

185 1231 420 1272 decentius
452 1244 589 1284 quam
617 1232 803 1273 humani
839 1233 1045 1273 minister
1073 1233 1318 1281 extitisset,
1340 1246 1444 1274 cum

181 1309 314 1337 nemo
363 1300 376 1318 ‘
392 1295 589 1349 possit’⁴
639 1298 821 1351 utrique
872 1301 1040 1351 ‘prout
1088 1298 1276 1351 dignum
1325 1296 1443 1340 est’⁵

181 1362 423 1412 deservire,
454 1362 705 1404 secundum
724 1363 837 1403 illud
867 1363 1154 1411 dominicum,
1176 1368 1205 1386 “
1228 1363 1338 1405 Non
1357 1377 1441 1417 po·

182 1428 312 1470 testis
335 1428 436 1469 Deo
458 1429 628 1470 servire
645 1434 690 1470 et
710 1423 1054 1470 mammonae.'’⁶
1122 1429 1330 1483 Moxque
1342 1430 1440 1483 ipse
1458 1452 1536 1484 mng

180 1507 263 1534 rex
298 1494 420 1534 circa
447 1494 478 1535 J
482 1494 882 1549 erosolymitanam
909 1495 1234 1548 profectionem
1267 1495 1442 1536 studio·
1456 1486 1585 1551 123⁸,ss
1595 1519 1624 1542 t„

180 1559 275 1599 sius
312 1564 544 1612 satagens,
570 1561 770 1602 instante
796 1574 904 1613 rege
936 1560 1219 1602 Francorum
1245 1566 1297 1602 ut
1324 1565 1437 1602 tem·
1456 1551 1614 1615 ξξζῗξιξω

179 1638 289 1677 pore
331 1637 533 1677 congruo
580 1626 666 1666 iter
722 1626 857 1666 simul
910 1626 1178 1680 arriperent,
1227 1631 1438 1679 sumptus
1455 1618 1545 1643 ΜΨ·

179 1690 365 1731 idoneos
397 1690 543 1732 modis
573 1691 714 1744 coepit
740 1691 949 1732 omnibus
970 1704 1245 1744 praeparare.
1315 1691 1438 1732 Evo-

179 1757 302 1797 cavit
322 1756 462 1808 igitur
482 1756 709 1797 mandatis
724 1757 990 1809 urgentibus
1006 1769 1159 1808 regem
1180 1755 1438 1805 Scotorum,

180 1822 259 1874 qui
282 1834 385 1862 cum
411 1822 700 1863 festinatione
722 1822 906 1863 veniens
935 1826 1099 1875 pactus
1121 1828 1190 1863 est
1223 1822 1263 1862 ei
1284 1822 1438 1862 decem
1456 1846 1628 1872 Themfle,

179 1887 322 1928 millia
339 1900 516 1928 marcas
529 1888 707 1940 argenti
725 1900 808 1940 pro
821 1888 1130 1941 resignatione
1145 1887 1437 1928 castellorum
1455 1879 1625 1938 ζξὲῗξζῗκ

179 1953 235 1994 de
257 1952 482 2007 Berewyk
499 1958 546 1994 et
566 1952 844 2006 Rokesburg
859 1951 889 2005 ;⁷
920 1966 1026 1994 nam
1047 1954 1247 2003 tertium,
1266 1953 1439 1994 scilicet
1455 1945 1658 2009 ξξζῆξιῑξζῖἔο

180 2019 433 2060 Castellum
456 2019 737 2068 Puellarum,
759 2032 787 2060 a
814 2033 921 2072 rege
942 2020 1146 2061 Henrico
1173 2024 1440 2073 susceperat
1457 2011 1596 2038 ³⁰⁰²¹³¹¹d·

180 2085 364 2138 quando
397 2085 454 2125 de
487 2085 587 2139 ejus
608 2085 847 2126 voluntate
879 2084 1147 2139 conjugem⁸
1180 2086 1357 2138 accepit
1385 2085 1441 2126 de

224 2208 233 2227 ¹
258 2209 407 2242 Richard
433 2209 471 2240 of
496 2209 642 2240 Devizes
672 2208 723 2250 (p.
753 2207 790 2250 7)
825 2209 919 2249 royal
951 2210 1071 2249 signet,
1099 2209 1250 2248 together
1279 2208 1361 2240 with
1386 2208 1442 2239 the

176 2258 296 2288 relates
319 2256 391 2287 that
414 2255 543 2286 Ranulf
561 2255 603 2286 de
622 2255 791 2286 Glanville
826 2255 969 2294 custody
985 2255 1023 2286 of
1037 2255 1092 2286 the
1107 2255 1228 2286 Tower
1242 2255 1281 2285 of
1292 2255 1442 2293 London,

177 2313 248 2334 was
260 2303 400 2342 forcibly
410 2301 570 2341 deprived
580 2301 792 2340 ofhisoffice,
826 2301 992 2332 extended
1017 2310 1096 2331 over
1120 2301 1176 2331 the
1200 2303 1268 2331 rest
1293 2300 1330 2331 of
1353 2300 1442 2339 Eug-

176 2350 242 2380 and
258 2352 329 2380 cast
339 2349 407 2379 into
422 2348 548 2387 prison,
560 2347 646 2378 until
660 2347 702 2378 he
714 2356 792 2386 pur·
826 2347 918 2378 land.
942 2345 1054 2386 Roger
1064 2346 1106 2377 de
1117 2346 1316 2383 Wendover,
1328 2346 1376 2376 iii.
1390 2348 1441 2378 15.

177 2395 302 2426 chased
327 2394 379 2424 his
408 2394 529 2432 liberty
554 2393 597 2432 by
620 2393 746 2432 paying
771 2402 792 2423 a
872 2390 886 2409 ³
908 2392 1058 2424 Omitted
1075 2393 1108 2422 in
1125 2392 1199 2422 MS.
1216 2391 1304 2423 Cott.
1319 2391 1395 2421 Tib.

179 2442 241 2472 fine
257 2441 295 2470 of
308 2442 425 2479 15‚000
442 2438 574 2478 pounds
589 2438 626 2469 of
639 2439 750 2470 silver.
872 2438 884 2455 ⁴
920 2439 929 2455 ‘
956 2441 1077 2477 potest,
1093 2436 1102 2450 '
1152 2437 1226 2468 Ms.
1281 2437 1405 2468 Lansd.
1433 2447 1441 2474 ;

225 2484 237 2503 ²
258 2485 340 2517 This
351 2495 423 2516 was
436 2485 542 2524 Hugh
554 2484 705 2523 l'udsey,
716 2483 792 2514 who
827 2485 836 2501 ‘
855 2483 996 2523 posset‚’
1015 2483 1089 2514 MS.
1107 2482 1195 2514 Cott.
1209 2483 1287 2514 Tib.

179 2532 245 2562 had
283 2532 366 2562 been
409 2530 623 2562 consecrated
663 2533 697 2560 to
737 2529 792 2560 the
873 2527 886 2546 ⁵
915 2530 924 2546 ⁴
944 2533 980 2560 ut
1016 2530 1155 2569 dignum
1194 2532 1295 2568 esset,
1308 2527 1317 2542 '
1365 2528 1443 2558 MS.

179 2578 347 2617 bishopric
378 2577 415 2607 of
442 2576 596 2606 Durham
633 2576 665 2605 iu
695 2578 791 2606 115³.
830 2575 953 2606 Lansd.

180 2623 467 2663 Hisjurisdiction
479 2621 622 2653 reached
639 2620 720 2651 from
737 2621 793 2651 the
873 2618 887 2637 ⁶
911 2622 959 2652 St.
980 2620 1088 2660 Luke,
1103 2621 1172 2651 xvi.
1190 2630 1221 2650 v.
1238 2622 1291 2651 13.

180 2670 334 2701 Humber
349 2672 383 2699 to
400 2668 576 2705 Scotland3
605 2667 706 2697 while
723 2666 794 2697 that
873 2667 887 2692 7
915 2667 979 2698 See
994 2670 1078 2705 ante,
1095 2677 1130 2705 p.
1149 2667 1226 2704 147,
1241 2669 1317 2696 note
1334 2669 1366 2696 5.

178 2716 216 2747 of
228 2715 454 2755 Longchamp,
472 2714 600 2752 Bishop
617 2713 654 2743 of
667 2713 744 2752 lily,
760 2716 794 2743 to
875 2711 889 2731 ⁸
916 2712 1154 2751 Ermenganle.
1200 2712 1369 2750 daughter
1412 2712 1449 2742 of

180 2762 288 2793 whom
327 2770 398 2791 was
439 2760 511 2791 also
549 2759 700 2790 conlided
739 2759 794 2790 the
831 2759 979 2790 Richard
997 2759 1165 2790 Viscount
1178 2759 1374 2790 sseaumont.
