1866 3186
460 283 688 314 WAL'rEm
723 282 784 312 DE
817 282 1193 313 HEMINGBURGH.
1394 271 1451 312 37

187 413 251 454 De
265 413 529 455 Investituris
545 413 844 462 Ecclesiarum,
866 420 903 454 et
924 413 1101 454 Statutis
1124 413 1247 468 Reyis
1265 418 1302 454 et
1326 412 1448 454 Cleri.
1486 439 1640 497 Augnrlylgi

253 509 390 552 Anno
415 512 599 553 Domini
628 524 783 554 M.cu1.
809 517 911 554 orta
934 518 1004 554 est
1034 525 1201 565 magna
1230 512 1450 553 dissensio
1468 527 1643 567 semesam-

189 576 306 617 inter
335 590 489 630 regem
521 583 567 620 et
594 577 861 620 Anselmum
890 578 1267 620 Cantuariensem
1302 578 1450 619 archi·
1465 561 1509 586 ω
1521 561 1622 586 ‘mm‘

186 643 464 696 episcopum,
505 657 558 685 eo
598 645 719 697 quod
755 644 895 686 nollet
930 645 1183 685 consentire
1216 644 1338 697 quod
1368 657 1449 685 rex

186 707 316 750 daret
354 710 648 751 investituras
697 711 1018 759 ecclesiarum;
1079 715 1321 762 motusque
1369 723 1448 750 rex

188 776 404 828 praecepit
446 776 648 817 Eborum
682 776 1023 828 archiepiscopo
1065 779 1118 816 ut
1159 775 1257 828 ipse
1294 788 1452 816 conse-

187 846 336 882 craret
356 842 592 894 episcopos
621 842 785 894 quibus
809 854 892 882 rex
917 841 1104 882 dederat
1130 841 1451 882 investituras:

187 906 267 947 sed
287 906 545 948 Willelmus
564 906 772 961 Gyffard,
788 907 884 948 zelo
905 907 1099 961 justitiae
1130 911 1297 957 motus,
1317 907 1452 948 bene-

186 971 427 1014 dictionem
443 973 786 1027 ‘archiepiscopi
799 972 827 994 '¹
849 973 1052 1014 Eborum
1068 973 1256 1026 sprevit,
1270 978 1456 1026 propter

188 1037 310 1091 quod
337 1038 512 1093 judicio
542 1040 662 1092 regis
691 1040 899 1080 omnibus
933 1040 1027 1080 suis
1057 1039 1280 1092 spoliatus
1312 1039 1453 1080 elimi-

188 1109 325 1146 natur
350 1117 379 1146 a
417 1118 585 1158 regno:
637 1104 883 1146 Anselmus
922 1118 1029 1146 vero
1072 1105 1455 1159 archiepiscopus,

189 1176 293 1224 post
314 1170 482 1212 multas
502 1170 692 1225 injurias
720 1176 765 1212 et
790 1172 994 1213 diversas
1021 1171 1319 1212 contumelias
1340 1184 1455 1224 quas

190 1250 353 1290 passus
393 1242 476 1287 est,
523 1237 581 1278 ad
621 1242 833 1291 rogatum
874 1237 1056 1278 tandem
1095 1238 1216 1290 regis
1257 1237 1455 1279 Romam

190 1303 421 1356 profectus
442 1308 527 1352 est,
549 1308 601 1345 ut
621 1303 852 1344 decretum
875 1303 1044 1344 domini
1075 1316 1209 1357 papae
1243 1304 1289 1344 in
1310 1303 1380 1344 his
1410 1309 1456 1345 et

189 1368 290 1410 aliis
322 1369 580 1411 haberetur.
652 1369 860 1423 Cumque
894 1382 1105 1411 reversus
1139 1382 1294 1423 regem
1324 1370 1454 1410 indu-

188 1440 310 1477 ceret
341 1441 393 1477 ut
422 1436 480 1476 ab
506 1436 698 1489 inceptis
728 1440 929 1477 cessaret
958 1436 1150 1490 injuriis,
1171 1437 1251 1478 vix
1271 1435 1456 1477 tandem

188 1506 234 1543 et
259 1515 361 1543 cum
388 1500 653 1544 difficultate
673 1502 875 1544 maxima
904 1502 1152 1555 adquievit.
1197 1501 1330 1544 Unde
1351 1508 1456 1555 post
1472 1515 1636 1544 A.D.1107.

188 1569 430 1621 triennium
460 1579 531 1611 111.
553 1567 773 1609 kalendas
794 1567 1010 1621 Augusti,
1032 1573 1311 1622 congregato
1333 1568 1454 1609 Lon·
1470 1551 1610 1615 ἷιᾞῗὲῧῖ’

189 1634 335 1674 doniis
366 1625 487 1675 clero
522 1639 568 1675 et
602 1634 786 1688 populo,
817 1636 1073 1676 astantibus
1103 1634 1455 1688 archiepiscopis
1471 1615 1672 1676 ξῗῖῗῖἑοῗιῗω

189 1705 234 1740 et
255 1700 479 1753 episcopis
508 1705 764 1753 caeteraque
788 1700 1077 1741 multitudine
1106 1700 1308 1741 maxima
1326 1713 1455 1753 mag-

191 1771 350 1807 natum
382 1771 428 1807 et
462 1779 716 1819 procerum,
749 1766 908 1807 annuit
939 1779 1022 1807 rex
1052 1771 1098 1807 et
1127 1766 1291 1807 statuit
1320 1771 1373 1807 ut
1396 1767 1455 1807 ab

191 1845 245 1873 eo
280 1838 483 1885 tempore
516 1832 563 1872 in
594 1836 744 1881 antea,
778 1845 1011 1885 nunquam
1042 1832 1087 1873 in
1117 1832 1341 1885 reliquum
1375 1845 1457 1885 per
1473 1842 1661 1902 ssnvestitured

190 1898 420 1939 dationem
457 1897 610 1939 baculi
648 1897 891 1951 pastoralis
926 1898 998 1939 vel
1029 1898 1183 1939 annuli
1213 1899 1455 1952 quisquam
1472 1882 1650 1968 Βῑῖιὲῐῗῖῗυῗῗ-

188 1964 478 2006 investiretur
503 1964 560 2005 de
586 1965 852 2017 episcopatu
881 1964 952 2006 vel
978 1964 1163 2005 abbatia
1193 1978 1274 2018 per
1302 1977 1456 2017 regem
1493 1951 1538 1968 ω’

190 2043 271 2071 seu
311 2043 628 2083 quamcunque
670 2043 909 2084 personam
961 2030 1240 2072 secularem:
1295 2043 1455 2072 conce·

189 2096 324 2138 dente
363 2109 544 2150 quoque
583 2095 802 2138 Anselmo
837 2096 1177 2150 archiepiscopo
1216 2101 1267 2138 ut
1304 2096 1457 2138 nullus

190 2162 236 2202 in
276 2162 589 2215 praelationem
629 2162 801 2203 electus
840 2175 923 2215 pro
962 2162 1174 2216 homagio
1206 2162 1327 2216 quod
1361 2164 1456 2216 regi
1474 2175 1652 2215 menomen-

192 2227 362 2269 faceret
417 2229 755 2269 consecratione
795 2229 997 2281 suscepti
1035 2229 1218 2270 honoris
1253 2208 1656 2282 privare-'11'231'}1⁶2{¹g{⁰t2³‚⁰

193 2299 281 2335 tur.
381 2294 644 2347 Statuitque
683 2307 766 2335 rex
806 2307 965 2347 pacem
1006 2295 1180 2335 firmam
1224 2299 1269 2335 et
1309 2294 1455 2347 legem
1474 2276 1523 2300 “¹⁶
1536 2275 1619 2306 ¹³¹⁰*

191 2365 363 2401 certam
397 2365 448 2401 ut
480 2360 519 2400 si
550 2361 595 2400 in
626 2360 748 2401 furto
781 2360 853 2401 vel
882 2360 1119 2401 latrocinio
1149 2359 1456 2412 deprehensus

196 2431 317 2466 esset
351 2427 468 2478 quis,
490 2426 663 2478 absque
691 2426 1000 2479 redemptione
1031 2425 1234 2478 qualibet
1265 2438 1454 2478 suspen-

192 2491 390 2532 deretur.
451 2490 622 2532 Statuit
652 2492 789 2532 etiam
824 2496 876 2532 ut
915 2491 1173 2543 quicunque
1208 2490 1346 2531 falsos
1377 2491 1454 2532 de·
1474 2498 1657 2537 Regulatjons

194 2557 344 2597 narios
382 2556 531 2597 facere
565 2556 871 2609 deprehensus
903 2556 1062 2597 suisset
1102 2556 1258 2597 ambos
1298 2556 1455 2598 oculos
1470 2538 1651 2596 ἷῑῗὲῗτῖἷῖἷῗὲἷ·

194 2627 240 2663 et
275 2622 507 2663 inferiores
539 2622 740 2675 corporis
776 2627 929 2675 partes
969 2621 1222 2672 amitteret;
1269 2627 1315 2663 et
1349 2623 1457 2675 quia

194 2688 478 2740 eligebantur
530 2688 635 2728 boni
687 2687 873 2736 denarii,
924 2693 970 2728 et
1019 2687 1278 2740 aliqualiter
1327 2687 1459 2730 fracti

547 2805 554 2823 ¹
580 2807 730 2839 Omitted
747 2808 781 2838 in
798 2807 873 2839 MS.
889 2806 976 2840 coll.
994 2807 1088 2839 Arm.
