1866 3186
200 369 296 398 Henry
310 367 350 392 11.

188 402 222 426 A.
237 401 272 426 D.
289 399 362 425 1187.

176 898 273 929 Henry
286 904 346 922 em-

174 931 257 956 barks
271 931 313 955 sor

176 964 347 995 Normandy.

392 237 478 279 128
879 247 1159 278 CHRONIGON

393 358 446 395 ut
469 353 527 394 ab
551 353 784 394 exterritis
805 353 980 394 civibus
1003 359 1184 406 pactum
1203 358 1513 406 extorqueret,
1530 352 1651 406 quod

392 420 449 460 ad
491 419 610 460 diem
652 423 827 460 certum
873 419 1031 459 urbem
1069 420 1371 473 resignarent,
1412 419 1497 460 nisi
1535 418 1652 459 forte

392 485 538 539 maj0r
585 485 814 526 exercitus
863 498 921 526 ex
981 484 1169 538 Europa
1221 485 1404 526 veniens
1458 484 1502 525 id
1555 484 1653 525 fieri

391 555 404 572 ‘
419 550 711 604 prohiberet.’
725 549 739 571 ¹

563 665 689 719 ches
707 663 838 705 nostri
854 664 1093 706 discordant
1112 670 1148 705 ct
1168 664 1478 706 concordantur.

450 757 463 775 ‘
475 750 641 794 Inter’2
659 752 923 806 Philippum
940 765 1094 805 regem
1118 752 1401 792 Francorum
1414 757 1461 793 et
1478 751 1650 793 Henri-

391 831 494 860 cum
528 831 682 871 regem
721 817 901 871 Angliae
940 818 1140 859 exitialis
1174 817 1413 859 discordiae
1448 818 1653 871 germina

391 884 702 938 pullularunt3
737 885 855 925 unde
888 897 972 925 rex
1005 883 1236 924 Henricus
1268 883 1325 923 ad
1347 884 1651 925 transmarina

390 955 582 991 vocatus
598 950 782 1002 negotia
792 950 1123 991 transfretavit.
1161 949 1484 991 Convenerunt
1497 955 1650 991 autem

391 1029 449 1057 ex
490 1015 681 1056 diversis
719 1015 823 1056 hinc
858 1015 962 1056 inde
999 1015 1248 1069 provinciis
1288 1015 1410 1067 apud
1449 1021 1650 1057 castrum

390 1081 514 1134 quod
536 1080 773 1134 Radulphi
796 1081 961 1122 dicitur
980 1081 1258 1122 ferocissimo
1279 1081 1468 1133 agitatae
1489 1081 1653 1135 spiritu

392 1151 671 1188 armatorum
722 1146 1052 1196 multitudines,
1093 1147 1207 1187 mira
1257 1147 1445 1188 vesania
1492 1160 1651 1200 regum

392 1226 578 1254 suorum
610 1212 770 1265 gloriae
813 1212 886 1254 vel
930 1213 1083 1266 potius
1118 1212 1343 1266 superbiae
1382 1214 1651 1266 sanguinem
1684 1214 1686 1217 “

392 1279 627 1332 proprium
675 1278 912 1319 libaturae:
969 1291 1165 1331 cumque
1206 1279 1368 1319 castris
1411 1279 1514 1320 hinc
1549 1279 1652 1319 inde

393 1349 405 1366 ‘
422 1345 707 1398 compositis'
722 1343 738 1365 ³
758 1357 839 1398 per
865 1344 961 1385 dies
992 1344 1183 1397 aliquot,
1208 1345 1352 1385 torvis
1383 1357 1432 1385 se
1455 1345 1652 1386 vultibus

392 1415 552 1452 mutuo
569 1411 658 1451 duo
679 1410 833 1463 magni
854 1410 1082 1451 exercitus
1103 1414 1461 1463 prospectamnt,
1481 1415 1526 1451 et
1543 1411 1652 1452 viris

392 1477 593 1530 pacificis
611 1476 687 1529 qui
707 1489 867 1530 pacem
888 1476 960 1517 vel
982 1475 1187 1516 inducias
1208 1477 1481 1528 satagebant
1503 1489 1651 1517 aerem

394 1542 565 1584 frustra
588 1543 947 1592 verberantibus,
971 1542 1154 1583 tandem
1178 1542 1339 1582 turmis
1371 1542 1429 1583 ad
1452 1555 1653 1596 pugnam

393 1608 626 1661 dispositis
640 1621 801 1661 parum
815 1608 913 1662 jam
932 1605 1153 1649 ‘aberat'4
1170 1621 1195 1648 a
1209 1620 1454 1660 congressu
1470 1613 1650 1656 mutuo;

396 1678 441 1715 et
462 1687 566 1715 ecce
590 1674 780 1715 occultis
800 1674 963 1726 magis,
985 1678 1036 1715 ut
1057 1674 1236 1724 dicitur,
1258 1674 1424 1714 ducum
1454 1675 1652 1715 susurris

395 1753 534 1793 quam
573 1740 961 1794 prolocutionibus
1001 1740 1195 1793 publicis
1236 1740 1426 1781 indultae
1464 1741 1512 1781 in
1557 1740 1654 1781 dies

396 1806 616 1859 plurimos
644 1806 838 1847 induciae
865 1806 912 1846 in
942 1811 1136 1859 utroque
1165 1806 1370 1847 exercitu
1394 1819 1506 1847 voce
1536 1819 1652 1860 prae-

395 1872 531 1913 conia
561 1872 867 1921 declarantur,
897 1872 1032 1924 plane
1062 1884 1154 1912 vox
1182 1872 1271 1912 ista
1305 1871 1449 1912 multo
1478 1873 1655 1924 gratius

395 1937 596 1978 insonuit
627 1938 813 1978 auribus
847 1937 1046 1978 omnium
1082 1950 1220 1990 quam
1251 1950 1341 1978 vox
1376 1938 1499 1978 tubae
1534 1938 1657 1978 exci-

396 2004 539 2043 tantis
576 2003 633 2044 ad
665 2002 895 2056 proelium.
965 2002 1138 2044 Gentes
1168 2016 1277 2055 ergo
1313 2008 1358 2043 et
1391 2003 1546 2056 populi
1575 2004 1654 2057 qui

396 2068 735 2110 meditabantur
762 2069 918 2110 inania
950 2068 1023 2109 vel
1054 2069 1208 2122 potius
1241 2069 1415 2118 insana,
1447 2081 1549 2109 cum
1584 2070 1653 2110 in-

396 2135 522 2187 genti
546 2134 713 2187 gaudio
738 2134 794 2176 ad
817 2135 1002 2188 propria
1021 2139 1128 2176 sunt
1148 2135 1332 2176 reversi.

401 2249 620 2305 Greyorius
646 2250 774 2305 Papa
800 2251 994 2292 csecitavit
1019 2265 1150 2292 omncs
1169 2251 1230 2292 ad
1251 2250 1423 2292 Terram
1443 2251 1655 2292 Sanctam.

467 2336 582 2378 Cum
619 2338 664 2377 in
709 2337 899 2378 Oriente
936 2338 1057 2378 circa
1093 2338 1310 2391 populum
1347 2337 1656 2380 Christianum

399 2407 411 2424 ‘
429 2403 539 2444 talia
561 2399 841 2455 gererentur’
856 2401 872 2424 ⁵
895 2398 1135 2444 Urbanus⁶
1155 2416 1276 2457 papa
1300 2408 1518 2445 extremae
1548 2406 1658 2446 sorti

450 2513 455 2531 ¹
483 2515 493 2532 ⁴
510 2514 753 2555 prohiberent‚'
790 2515 892 2547 MSS.
929 2516 1015 2548 Coll.
1094 2514 1105 2533 ⁴
1130 2516 1139 2533 ‘
1152 2514 1314 2556 aberant‚’
1331 2517 1406 2548 MS.
1424 2517 1549 2550 Lansd.

402 2562 495 2592 Arm.
512 2561 578 2592 and
594 2560 683 2593 Cott.
699 2561 775 2592 Tib.
1096 2561 1109 2579 ⁵
1131 2563 1142 2579 ‘
1159 2563 1241 2594 talia
1265 2566 1304 2594 ut
1326 2563 1545 2602 praediximus
1565 2574 1660 2603 gere-

449 2607 462 2625 ²
492 2608 502 2624 ‘
528 2607 685 2646 Namque
726 2608 853 2638 interea
892 2608 990 2647 inter,
1008 2607 1019 2621 ¹
1050 2609 1186 2647 rentur‚'
1203 2609 1277 2640 MS.
1296 2609 1419 2640 Lansd.

404 2653 478 2684 MS.
496 2653 620 2684 Lansd.
1095 2655 1109 2675 ⁶
1136 2656 1229 2694 Pope
1256 2655 1371 2685 Urban
1396 2655 1475 2685 died
1500 2654 1578 2686 Oct.
1607 2658 1660 2693 11,

451 2697 464 2715 ³
483 2699 492 2715 ‘
509 2699 695 2738 oppositis,’
717 2699 792 2731 MS.
816 2700 903 2731 Cott.
920 2700 1015 2737 Tib.;
1050 2703 1147 2740 1187,
1159 2701 1225 2731 and
1240 2710 1311 2731 was
1324 2700 1508 2731 succeeded
1520 2701 1561 2739 by
1574 2700 1656 2732 Gre-

410 2744 623 2783 ‘dispositis,’
640 2745 714 2775 MS.
735 2745 857 2775 Lansd.
1050 2756 1131 2785 gory
1158 2746 1259 2776 VIII.
1291 2746 1425 2787 (Albert
1449 2746 1482 2776 di
1517 2746 1663 2787 Mox-ra),
