1866 3186
179 429 276 459 Henry
290 429 330 453 11.

163 461 198 487 A.
212 463 246 487 D.
259 463 333 487 1160.

154 1275 241 1300 Peace
254 1276 277 1301 is
288 1283 351 1302 con-

152 1309 262 1334 cluded.

150 1601 185 1627 A.
196 1602 230 1628 D.
240 1603 302 1628 1161
309 1621 318 1630 .

152 1635 245 1660 Death
257 1636 289 1661 of

151 1668 328 1701 Archbishop

151 1701 303 1727 Theobasd.

151 1759 185 1785 A.
194 1760 229 1785 D.
242 1762 316 1786 1162.

151 1809 277 1834 Thomas
290 1809 307 1834 a

151 1842 258 1867 Becket
270 1850 333 1868 con-

151 1876 277 1900 secrated

151 1908 326 1940 Archbishop

151 1942 183 1964 οι·
190 1941 305 1967 Canter-

150 1974 229 2005 bury.

149 2381 204 2406 Con
209 2381 291 2407 stitu-

149 2414 223 2439 tions
236 2415 270 2439 os
278 2415 340 2440 ela-

148 2448 264 2474 rendon.

368 302 426 344 92
865 311 1144 342 6111101116οΝ

371 415 582 469 Denique
610 413 842 456 immensis
877 413 980 455 hinc
1008 413 1112 454 inde
1142 414 1417 455 exercitibus
1445 426 1633 467 congre-

369 483 506 535 gatis,
537 486 583 523 et
611 481 659 522 in
699 485 925 521 terrarum
955 478 1162 520 confiniis
1196 480 1357 520 castris
1387 493 1413 521 e
1445 481 1631 533 regione

371 547 624 601 dispositis,
651 550 844 598 uterque
873 545 1086 598 princeps
1107 557 1211 585 cum
1240 546 1335 586 suis
1358 546 1502 598 copiis
1523 559 1631 587 con-

370 614 587 664 sistebat3
618 613 728 666 quia
757 616 803 652 et
835 610 1048 665 progredi
1076 610 1397 663 periculosum,
1421 616 1468 652 et
1487 617 1630 653 retro-

371 679 502 732 gradi
532 678 797 720 indecorum
818 676 1086 718 videbatur:
1117 676 1319 729 paratior
1349 680 1502 717 tamen
1532 682 1631 718 erat

370 749 562 797 uterque
588 744 833 793 exercitus,
866 746 1052 796 propter
1085 741 1237 782 bellici
1267 733 1371 782 fi'nis
1392 742 1631 795 ambiguos

371 811 538 859 exitus,
576 809 787 864 proelium
823 809 1035 861 excipere
1075 820 1212 860 quam
1251 807 1447 859 inferre3
1487 812 1534 849 et
1571 821 1632 850 ne

371 875 564 918 duorum
592 875 822 917 hominum
852 873 977 915 zelus
1001 877 1047 915 et
1069 873 1282 926 superbia
1305 877 1482 926 strages
1513 874 1630 915 mul-

371 946 520 983 torum
563 945 776 994 parerent
809 939 1096 993 populorum,
1118 939 1204 980 viri
1232 939 1413 992 pacifici
1443 952 1498 980 ea
1527 953 1630 993 quae

371 1007 499 1060 pacis
517 1012 623 1048 sunt
633 1007 680 1048 in
693 1007 779 1047 hac
794 1005 1079 1047 haesitatione
1092 1008 1104 1026 ‘
1121 1003 1354 1047 fecerunt.'
1365 1003 1377 1026 ²
1438 1004 1630 1056 Verum,

371 1073 480 1124 quia
512 1073 598 1113 sub
629 1072 789 1125 clipeo,
810 1075 862 1112 ut
884 1071 973 1111 dici
1004 1070 1138 1120 solet,
1169 1070 1329 1111 melius
1363 1070 1630 1125 plerumque

370 1137 576 1189 procedit
620 1138 748 1191 pacis
795 1136 1044 1190 negotium,
1083 1135 1311 1189 principes
1358 1137 1502 1177 nostri
1552 1138 1630 1190 qui

369 1204 495 1255 pacis
535 1203 741 1244 auditum
784 1206 920 1244 antea
960 1206 1246 1255 respuerant,
1285 1202 1454 1242 bonum
1502 1203 1631 1255 pacis

369 1269 501 1322 quasi
530 1269 586 1311 de
616 1269 738 1310 facili
768 1268 1020 1322 amplexati
1040 1271 1158 1309 sunt.
1230 1266 1353 1320 Ipsis
1374 1280 1483 1320 ergo
1504 1269 1630 1322 paci—

368 1335 515 1377 ficatis
538 1335 734 1389 populus
755 1335 813 1376 ad
834 1346 919 1376 sua
937 1333 1073 1375 rediit
1091 1337 1137 1374 et
1157 1333 1343 1386 quievit.

746 1477 920 1519 Thomas
944 1476 1271 1518 Cantuariensis.

434 1586 606 1628 Eodem
640 1599 760 1628 anno
779 1585 1071 1628 Theobaldus
1106 1584 1448 1627 Cantuariensis
1480 1586 1627 1627 archi-

368 1652 607 1706 episcopus
628 1653 849 1701 decessit;
876 1652 950 1694 cui
967 1652 1170 1694 Thomas
1191 1651 1487 1693 cancellarius
1507 1653 1629 1705 regis

369 1731 488 1759 anno
519 1719 726 1772 sequenti
760 1718 996 1760 successit.
1077 1717 1193 1759 Post
1228 1717 1468 1759 concilium
1500 1717 1627 1759 Thu-

367 1783 593 1835 1·01161156,”Ζ
628 1797 731 1826 cum
763 1785 861 1837 ipse
884 1784 1086 1826 Thomas
1120 1783 1488 1837 archiepiscopus
1524 1797 1627 1825 cum

367 1850 542 1891 caeteris
571 1849 787 1891 fratribus
820 1850 878 1891 ad
907 1850 1093 1903 propria
1122 1853 1242 1890 esset
1270 1862 1495 1899 reversus,
1518 1863 1627 1891 mox

366 1929 556 1968 regnum
603 1920 649 1957 et
703 1915 1007 1956 sacerdotium
1060 1915 1108 1955 in
1155 1914 1326 1967 Anglia
1373 1915 1627 1968 disceptare

366 1985 619 2034 coeperunt,
662 1985 709 2021 et
728 1980 865 2021 >facta
898 1981 1098 2022 turbatio
1132 1993 1224 2021 non
1262 1980 1441 2021 modica
1490 1993 1627 2034 super

365 2040 674 2099 praerogativa
704 2046 872 2087 ordinis
894 2045 1130 2087 clericalis.
1201 2045 1331 2099 Rege
1362 2047 1480 2086 enim
1505 2047 1627 2088 circa

365 2124 522 2152 curam
555 2111 684 2164 regni
715 2116 968 2164 satagente,
997 2116 1043 2153 et
1069 2111 1385 2153 malefactores
1416 2112 1512 2152 sine
1548 2112 1624 2153 de-

364 2176 484 2218 lectu
524 2177 818 2218 exterminari
841 2177 1047 2231 jubente,
1078 2189 1105 2218 a
1135 2177 1230 2218 suis
1259 2177 1490 2232 judicibus
1520 2178 1625 2220 inti-

364 2247 538 2284 matum
587 2248 672 2292 est,
714 2242 836 2296 quod
875 2242 1011 2292 furta,
1065 2243 1254 2296 rapinae,
1300 2248 1346 2284 et
1383 2243 1626 2285 homicidia

363 2309 533 2362 saepius
565 2322 594 2350 a
631 2309 806 2349 clericis
837 2309 1251 2357 committebantur,
1274 2308 1330 2349 ad
1353 2321 1468 2361 quos
1495 2309 1625 2350 laicae

357 2374 686 2428 jurisdictionis
707 2375 838 2426 vigor
871 2387 962 2415 non
992 2378 1148 2427 posset
1179 2373 1381 2414 extendi.
1451 2373 1625 2424 Quam-

363 2441 516 2481 obrem
553 2441 648 2481 acri
685 2445 813 2481 motu
850 2440 1075 2489 turbatus,
1112 2444 1271 2480 contra
1307 2439 1624 2482 malefactores

409 2607 418 2626 ¹
443 2609 691 2650 ‘seminarunt‚'
726 2609 825 2642 MSS.
850 2610 975 2643 Lansd.
1009 2609 1064 2640 the
1080 2609 1163 2649 laity
1175 2620 1217 2640 on
1232 2609 1287 2641 the
1304 2609 1410 2649 rights
1425 2610 1492 2640 and
1507 2610 1625 2640 immu-

362 2655 429 2686 and
447 2655 534 2687 Cott.
551 2656 626 2687 Tib.
1010 2656 1108 2686 nities
1134 2655 1171 2686 of
1200 2655 1257 2687 the
1283 2655 1429 2687 Church.
1489 2655 1623 2695 Shortly

406 2698 419 2716 ⁹
441 2701 474 2732 It
495 2711 567 2732 was
589 2702 623 2731 in
646 2701 712 2732 this
745 2701 876 2732 council
906 2701 978 2732 that
1010 2701 1095 2732 aster
1120 2701 1173 2732 his
1193 2705 1305 2732 return
1330 2705 1363 2732 to
1388 2700 1543 2739 England
1570 2701 1623 2732 his

363 2743 492 2777 Becket
529 2747 626 2778 made
665 2757 686 2777 a
728 2747 846 2777 formal
887 2756 975 2777 com-
1009 2747 1144 2786 dispute
1168 2747 1250 2779 with
1272 2747 1364 2786 King
1392 2746 1510 2785 Henry
1536 2757 1623 2778 com-

361 2792 468 2830 plaint
498 2792 536 2823 of
560 2792 615 2823 the
655 2793 907 2832 infringements
944 2792 981 2823 os
1011 2792 1159 2823 menced.
