1866 3186
458 288 684 319 wrmrnm
719 289 780 319 DE
811 290 1189 321 HEMINGBURGH.
1362 282 1449 325 237

180 389 429 432 literaturae
450 405 649 447 *magnae
691 398 737 434 et
783 393 1004 435 bonitatis
1049 394 1310 437 immensae:
1366 397 1446 450 qui
1521 410 1607 436 John.

179 468 291 498 sano
335 457 683 511 adquiescentes
723 459 915 501 consilio
957 459 1195 513 elegerunt
1240 475 1360 511 eum,
1397 467 1445 505 et
1481 443 1652 530 '⁴5:²3⁷'

178 522 417 564 confestim
459 537 487 565 a
520 538 643 578 papa
677 525 973 567 confirmatus
1007 532 1093 576 est,
1128 531 1175 568 et
1210 528 1302 569 cito
1338 533 1444 582 post
1461 511 1546 596 §U
1550 512 1654 564 310⁰oe

179 588 503 632 0011800101118.1
591 590 709 642 Quae
749 603 853 632 cum
894 591 952 633 ad
997 592 1278 634 audientiam
1322 594 1444 646 regis
1485 577 1547 603 σμ’

177 655 351 708 absque
381 656 600 697 dilatione
627 656 917 699 devenissent
945 659 1158 699 turbatus
1182 664 1268 709 est,
1293 664 1340 700 et
1360 672 1442 701 ex-

178 721 455 763 candescens
497 722 543 762 in
584 722 700 764 iram
734 723 838 764 illos
876 734 979 764 XIV.
1016 723 1265 766 monachos
1301 737 1442 777 regno

178 798 262 827 suo
315 793 536 841 perpetuo
583 789 867 842 proscripsit,
929 789 1014 829 sub
1075 802 1215 842 poena
1275 790 1442 843 capitis

176 852 449 894 interdicens
485 854 550 894 eis
581 853 776 895 reditum
805 855 851 894 in
887 858 1057 895 terram
1088 867 1248 896 suam:
1282 868 1441 897 mona·
1459 869 1520 894 The
1533 868 1611 900 mag

177 917 287 959 chos
307 919 446 960 etiam
477 924 668 961 caeteros
691 933 719 960 a
739 920 942 961 claustro
972 920 1124 975 ejecit,
1149 921 1440 963 committens
1458 909 1626 967 ῗιῗὲἓῗῖῗᾶ,

178 997 333 1025 curam
362 985 566 1039 ejusdem
594 986 756 1027 domus
785 987 1116 1028 mercatoribus
1145 987 1442 1029 Brabantinis

178 1050 256 1102 qui
288 1051 616 1104 responderent
651 1052 693 1092 ei
728 1051 784 1092 de
820 1052 1022 1094 exitibus
1054 1052 1308 1105 universis3
1352 1066 1442 1095 000-

177 1120 390 1169 terosque
411 1117 600 1159 clericos
621 1117 826 1172 ejusdem
857 1118 1105 1171 provinciae
1128 1119 1248 1160 male
1268 1123 1442 1161 tracta—

179 1181 260 1231 vit,
302 1188 348 1223 et
384 1184 620 1225 universos
656 1184 744 1225 Dei
784 1184 1015 1226 ministros
1058 1197 1226 1226 exosos
1266 1184 1443 1236 habuit,

178 1248 306 1289 nulla
342 1248 492 1290 flexus
531 1249 704 1302 pietate
747 1249 819 1291 vel
850 1250 1175 1292 misericordia.
1262 1250 1443 1302 Quibus

176 1312 360 1355 domino
390 1327 524 1368 papae
550 1315 792 1364 nunciatis,
814 1316 999 1369 scripsit
1029 1317 1070 1357 ei
1099 1329 1222 1370 papa
1243 1316 1444 1358 filialiter

176 1378 364 1420 hortans
385 1385 431 1422 et
447 1393 636 1422 monens
662 1381 760 1422 vice
780 1381 903 1423 trina
923 1386 975 1423 ut
991 1383 1049 1423 ab
1068 1383 1442 1435 oppressionibus

176 1444 454 1499 hujusmodi,
476 1447 749 1500 poenitentia
772 1446 955 1498 ductus,
977 1447 1202 1499 resiliret3
1235 1448 1442 1502 alioquin

176 1510 334 1552 durius
357 1512 676 1565 procederetur
696 1513 742 1554 in
763 1526 880 1554 eum.
951 1512 1018 1555 At
1037 1514 1114 1555 ille
1130 1514 1441 1556 continuando
1470 1535 1643 1561 A,n,120⁸.

177 1589 374 1618 errorem
425 1579 646 1631 processit
690 1591 870 1633 semper
915 1579 971 1620 de
1020 1580 1141 1621 malo
1185 1580 1232 1620 in
1279 1580 1411 1635 pejus
1429 1578 1614 1637 333223'1533

177 1647 364 1696 propter
393 1644 514 1697 quod
547 1644 756 1686 dominus
793 1657 916 1699 papa
951 1646 1223 1686 sententiam
1256 1658 1441 1687 excom·
1458 1646 1550 1670 “m‘'-

176 1709 495 1751 municationis
524 1709 630 1751 tulit
661 1710 707 1750 in
739 1723 859 1760 eum,
895 1715 942 1751 et
971 1711 1018 1751 in
1051 1723 1207 1751 omnes
1239 1711 1442 1753 fautores

180 1774 294 1828 ejus,
324 1780 370 1816 et
404 1780 551 1818 totam
583 1781 752 1818 terram
774 1775 957 1829 Angliae
993 1775 1306 1818 ecclesiastico
1333 1790 1442 1831 sup-

176 1842 328 1893 posuit
375 1841 647 1884 interdicto:
702 1842 963 1896 incepitque
1015 1842 1100 1883 hoc
1155 1842 1442 1884 interdictum
1462 1861 1591 1894 rugum

176 1907 388 1959 generale
440 1920 469 1948 a
516 1908 664 1962 prima
711 1907 938 1949 dominica
979 1908 1214 1950 Passionis
1258 1908 1445 1950 Domini
1460 1895 1619 1954 ffssr'ffiff‘

176 1985 296 2014 anno
323 1973 528 2027 ejusdem
554 1985 771 2015 M.ccvm.
802 1987 906 2028 quae
936 1974 1023 2016 fuit
1053 1974 1212 2015 eodem
1241 1987 1360 2016 anno
1391 1986 1443 2017 x.
1461 1962 1617 2020 {fflssssyia

176 2037 396 2080 kalendas
426 2039 615 2093 Aprilis,
643 2045 690 2081 et
721 2039 907 2082 duravit
940 2053 1023 2081 sex
1059 2040 1190 2081 annis
1219 2041 1446 2082 continuis

177 2109 222 2145 et
260 2118 351 2145 uno
386 2118 554 2156 mense,
589 2105 792 2158 nihilque
829 2105 968 2146 fiebat
1011 2106 1058 2147 in
1098 2110 1260 2148 sancta
1299 2111 1446 2148 matre

175 2170 370 2211 ecclesia
389 2170 477 2211 nisi
501 2171 798 2224 parvulorum
816 2171 1047 2224 baptisma
1067 2176 1114 2212 et
1137 2171 1445 2213 confessiones

176 2236 491 2287 morientium;
533 2249 726 2290 corpora
761 2241 915 2278 tamen
956 2249 1111 2277 eorum
1147 2241 1283 2277 extra
1316 2237 1444 2278 cimi-

177 2302 340 2342 terium
362 2302 543 2355 sepulta
563 2307 683 2344 sunt.
722 2301 783 2343 Et
806 2301 1068 2343 memoriale
1090 2301 1174 2342 hoc
1192 2301 1292 2355 jam
1309 2301 1446 2344 durat

177 2367 222 2407 in
243 2367 412 2408 secula.
464 2371 475 2389 ‘
497 2367 655 2421 Hujus
670 2368 681 2384 ’
699 2365 714 2388 ²
737 2372 890 2409 autem
910 2367 1139 2408 interdicti
1159 2371 1445 2417 executores,
1463 2381 1523 2407 'rna
1534 2381 1657 2417 mano„

179 2431 565 2474 Londoniensem³
591 2433 780 2482 scilicet,
804 2437 816 2454 ‘
833 2431 1254 2486 wigorniensem,'⁴
1281 2437 1328 2474 et
1349 2429 1444 2474 Eli-⁴
1463 2415 1628 2478 2532ssssssss

226 2546 234 2564 ¹
260 2549 411 2588 Langton
429 2559 498 2580 was
514 2549 730 2581 consecrated
749 2550 793 2588 by
829 2549 872 2588 1.‚
903 2549 1032 2580 elected
1067 2549 1196 2589 Bishop
1232 2549 1271 2581 of
1297 2549 1448 2590 London,

178 2596 272 2634 Pope
286 2595 446 2626 Innocent
461 2599 495 2626 at
507 2595 647 2627 Viterbo
657 2605 699 2626 on
709 2595 795 2626 Sun-
829 2595 1056 2635 Wednesday,
1071 2595 1266 2635 September
1282 2598 1335 2635 16,
1353 2598 1449 2636 1198,

176 2642 258 2680 day,
271 2641 362 2672 June
382 2643 433 2680 17,
451 2643 546 2673 1207.
829 2640 895 2672 and
907 2641 1123 2672 consecrated
1134 2641 1286 2682 Sunday,
1298 2642 1380 2682 May
1394 2644 1449 2682 28,

225 2685 238 2703 ²
262 2687 411 2718 Omitted
430 2687 462 2717 in
480 2687 555 2718 MS.
574 2685 661 2718 Con.
678 2686 773 2718 Arm.
831 2689 928 2718 1199.

221 2731 234 2750 ³
251 2733 397 2764 william
410 2732 453 2764 de
466 2732 589 2764 Sancta
599 2732 723 2772 Maria,
733 2732 795 2764 for·
878 2732 890 2751 ⁴
914 2733 925 2751 ‘
937 2732 1236 2774 Wyntoniensem,’
1260 2733 1337 2766 MS.
1360 2733 1449 2767 Cott.

177 2779 282 2819 merly
303 2782 470 2818 secretary
486 2782 519 2810 to
540 2778 632 2818 King
648 2778 796 2810 Richard
829 2778 906 2810 Tib.
