1866 3186
424 291 650 323 WALTEm
683 291 745 322 DE
776 289 1152 320 ussmmessuncn.
1327 281 1414 323 133

466 430 703 484 Imperator
718 426 891 481 sumpsit
915 426 1092 467 Crucem.

221 529 489 570 Fredericus
540 528 788 580 imperator
841 524 1096 574 Romanus,
1151 524 1414 565 convocatis

150 596 375 638 nobilibus
422 595 493 634 sui
543 592 734 646 imperii,
774 590 971 643 ingentis
1023 590 1160 631 animi
1208 590 1413 643 proposi-

150 668 246 704 tum
289 660 555 708 declaravit,
600 662 612 680 ‘
629 655 938 709 sumptoque'¹
982 655 1244 696 solemniter
1283 656 1414 707 signo

154 728 406 770 Dominicae
448 725 611 773 crucis,
651 721 898 776 imperialis
938 721 1113 774 apicem
1155 721 1414 774 maJestatis

151 794 345 835 subditis
379 792 568 833 ducibus
615 794 662 830 et
706 787 917 841 gentibus
954 786 1145 826 formam
1197 785 1415 826 efficacis-

150 862 309 901 simam
330 858 550 912 praebuit:
582 856 738 907 itaque
758 856 935 894 cunctae
953 851 1201 905 provinciae
1220 851 1414 892 nominis

150 925 399 968 Christiani
437 923 494 964 ad
532 918 852 962 maturandum
883 917 969 958 iter
1007 917 1291 970 propositum
1330 917 1413 958 im-

151 992 317 1033 mensis
338 989 635 1044 apparatibus
653 985 907 1037 studiisque
927 982 1165 1024 fervebant
1185 983 1391 1024 animosi.

150 1152 214 1193 De
234 1156 354 1206 rupto
372 1150 532 1205 foedere
551 1150 673 1206 Reqis
692 1151 970 1201 Francorum,
991 1158 1028 1194 ec
1050 1155 1257 1193 consecuta
1278 1150 1415 1191 Morte

624 1217 749 1272 Reyis
769 1217 945 1274 Anyliae.

218 1315 392 1357 Verum
431 1315 499 1355 ita
536 1315 739 1356 fervente
778 1316 979 1357 fidelium
1020 1315 1262 1357 devotione
1297 1314 1416 1367 prin-

149 1382 301 1434 cipum
342 1386 388 1422 et
427 1381 714 1434 populorum,
755 1383 932 1436 antiqui
975 1381 1122 1423 hostis
1161 1387 1255 1422 tam
1297 1381 1417 1421 bona

150 1448 280 1488 initia
306 1460 595 1500 corrumpere
626 1448 865 1500 gestientis
888 1448 1064 1489 malitia
1092 1459 1182 1488 non
1213 1446 1414 1499 quievit:

151 1526 254 1555 cum
275 1514 393 1554 enim
416 1514 608 1554 illustris
628 1527 711 1554 rex
732 1513 989 1568 Anglorum
1001 1514 1048 1554 in
1068 1526 1211 1566 regno
1230 1512 1416 1566 proprio

152 1580 334 1632 quietus
380 1580 662 1629 consisteret,
708 1585 769 1630 et,
809 1586 947 1635 prout
991 1580 1183 1621 decebat
1234 1583 1414 1620 tantum

153 1646 417 1699 principem,
456 1645 514 1686 ad
555 1646 758 1687 futuram
799 1659 848 1688 se
888 1646 1225 1700 expeditionem
1267 1644 1413 1685 modis

81 1747 90 1756 ,
152 1712 359 1752 omnibus
405 1717 702 1765 praepararet,
746 1725 826 1753 rex
885 1713 1181 1760 Francorum,
1231 1709 1414 1751 nescio²

153 1778 271 1818 unde
292 1777 570 1827 stimulatus,
594 1783 730 1832 rupta
750 1778 838 1820 fide
861 1778 1060 1827 foederis,
1089 1777 1241 1818 subito
1262 1776 1415 1817 furore

153 1843 414 1892 excanduit,
463 1848 509 1885 et
558 1849 759 1885 castrum
806 1844 958 1886 nobile
1008 1843 1130 1897 quod
1179 1842 1415 1895 Radulphi

154 1909 335 1959 dicitur,
374 1909 674 1962 quorundam,
714 1915 768 1952 ut
815 1911 995 1960 dicitur,
1035 1909 1415 1963 nequissimorum

153 1975 408 2028 proditione
442 1975 717 2029 improvisus
753 1985 999 2031 usurpator
1032 1975 1237 2017 intravit.
1308 1974 1415 2026 Quo

153 2054 365 2082 successu
418 2041 582 2092 elatus,
626 2047 804 2084 mutato
851 2043 924 2085 vel
973 2043 1127 2096 potius
1172 2040 1416 2082 exsufflato

152 2108 454 2160 expeditionis
471 2108 500 2149 J
505 2109 871 2162 erosolymitanae
897 2109 1146 2163 proposito,
1171 2106 1417 2160 grandiora

154 2174 449 2214 moliebatur:
482 2175 647 2226 quibus
667 2174 875 2215 celeriter
898 2174 1084 2228 agnitis,
1112 2187 1195 2215 rex
1217 2172 1415 2225 Anghae,

154 2245 332 2280 mature
387 2239 779 2290 transfretaturus,
836 2241 958 2282 viros
1015 2240 1263 2280 honoratos
1312 2251 1415 2279 cum

153 2306 303 2346 verbis
360 2305 561 2358 pacificis
615 2306 671 2347 ad
726 2307 1123 2359 praevaricatorem
1176 2304 1412 2358 praemisit.

155 2371 328 2412 Verum
360 2371 452 2421 ille,
486 2372 543 2412 ad
577 2385 708 2413 omne
745 2372 1102 2413 blandimentum
1137 2370 1336 2411 inflexus
1369 2375 1415 2410 et

154 2437 341 2489 rigidus,
369 2438 623 2489 pestilentis
647 2439 858 2492 incoeptis
889 2443 899 2460 ‘
919 2435 1166 2491 superbe'³
1194 2436 1415 2477 incubuit.

155 2501 362 2555 Cumque
398 2516 479 2543 rex
516 2502 771 2556 Anglorum
806 2504 1160 2551 transfretasset,
1195 2503 1417 2543 bonorum

155 2568 307 2608 studio
339 2569 538 2609 virorum
570 2569 627 2610 ad
656 2570 931 2623 colloquium
964 2569 1224 2610 solemniter
1253 2580 1416 2609 conve-

204 2691 210 2708 ¹
238 2691 247 2708 ‘
260 2689 472 2731 ornansque‚'
494 2692 568 2723 MS.
588 2692 710 2724 Lansd.
799 2692 835 2723 of
855 2692 1000 2723 Poitiers
1021 2691 1086 2722 and
1109 2690 1285 2730 Raymond
1306 2690 1349 2722 de
1369 2690 1419 2723 St.

199 2738 212 2757 ⁹
234 2737 304 2769 The
320 2739 474 2769 occasion
489 2738 526 2769 of
542 2739 608 2769 this
627 2742 764 2778 rupture
801 2738 910 2770 Gilles
926 2738 1037 2769 Count
1052 2737 1089 2768 of
1099 2737 1278 2768 Toulouse.

154 2793 224 2815 was
248 2794 267 2815 a
289 2784 421 2824 quai-rel
442 2785 593 2816 between
620 2785 765 2816 Richard
852 2783 864 2801 ³
887 2784 1039 2816 Omitted
1057 2785 1088 2814 in
1106 2784 1180 2816 MS.
1199 2783 1323 2817 Lansd.

1455 407 1553 438 Henry
1567 405 1607 431 11.

1449 441 1483 465 A.
1495 440 1530 465 D.
1545 440 1618 464 1188.

1431 544 1491 569 The
1498 543 1632 575 Emperor

1431 577 1560 602 Frederic

1429 610 1511 635 takes
1523 609 1573 634 the

1430 650 1506 668 crosa
1511 660 1518 667 .

1432 1721 1497 1746 War
1510 1721 1580 1747 with

1432 1755 1545 1780 France.
