1866 3186
448 275 675 307 WALTERI
710 275 771 304 DE
803 274 1178 308 Hssmmcssoncn.
1361 266 1448 308 313

396 465 599 520 Deinceps
618 478 740 520 usque
759 463 819 506 ad
836 462 1000 506 Bellum
1015 464 1064 506 de
1083 465 1232 507 Lewes.
1483 476 1652 536 {ez-315¹&

253 578 462 632 Cumque
484 590 639 619 rumor
668 577 756 618 iste
779 578 964 619 sinister
984 578 1139 619 comiti
1162 577 1352 627 Simoni,
1372 578 1451 631 qui

189 657 293 686 cum
345 644 550 684 exercitu
606 643 767 696 grandi
808 656 968 684 versus
1017 642 1361 696 Northampton
1404 643 1453 683 in

190 709 415 752 veniendo
465 712 580 758 erat,
625 721 654 749 a
697 709 1038 749 transeuntibus
1078 713 1126 749 et
1168 707 1452 761 fugientibus

191 775 434 823 diceretur,
471 773 720 822 infremuit,
753 786 837 814 nec
883 778 1037 814 tamen
1067 773 1265 814 concidit
1298 772 1452 814 vultus

191 840 308 894 ejus,
331 839 411 880 sed
432 838 589 879 statim
621 837 883 879 Londonias
913 838 1071 879 adiens
1101 837 1210 879 fecit
1238 837 1326 878 sibi
1355 837 1454 878 fieri

193 918 375 946 currum
396 904 529 958 quasi
548 902 769 944 falcatum
787 903 835 944 in
854 916 947 956 quo
969 904 1200 956 equitaret
1219 903 1314 943 acsi
1333 907 1456 943 esset

196 975 399 1022 aegrotus
417 982 428 1020 ;
459 968 596 1009 finxit
616 968 734 1009 enim
754 980 804 1009 se
820 968 1014 1010 debilem
1036 974 1083 1010 et
1105 968 1334 1008 infirmum
1354 980 1458 1008 cum

198 1040 319 1076 esset
351 1034 548 1075 bellator
581 1034 798 1074 robustus
830 1038 877 1075 et
907 1033 1066 1082 fortis3
1100 1033 1459 1086 congregatique

197 1105 306 1141 sunt
346 1099 403 1140 ad
446 1111 550 1140 eum
594 1099 750 1140 caeteri
794 1104 1037 1150 magnates
1086 1099 1332 1151 complices
1370 1099 1459 1148 sui,

198 1166 387 1206 comites
419 1170 465 1205 et
498 1165 709 1213 barones,
732 1167 778 1204 et
811 1163 982 1216 singuli
1015 1164 1220 1216 singulos
1256 1163 1461 1204 adduxe·

199 1235 308 1271 runt
327 1229 555 1278 cohortes,
581 1229 943 1282 praeparatisque
975 1227 1142 1270 ibidem
1173 1229 1337 1282 ligneis
1369 1241 1463 1269 ma·
1479 1242 1541 1280 Τιις
1551 1242 1653 1267 barone

199 1296 346 1336 chinis
369 1294 562 1347 profecti
591 1298 699 1335 sunt
728 1293 785 1334 ad
815 1294 1113 1336 obsidendum
1144 1294 1432 1336 Rocestriam
1450 1307 1461 1345 ;
1479 1274 1658 1334 {affigam

201 1372 354 1401 comes
376 1359 496 1399 enim
528 1358 585 1399 de
604 1358 843 1400 Warenna
873 1364 919 1400 et
939 1359 1097 1400 villam
1127 1361 1275 1401 tenuit
1295 1365 1340 1401 et
1363 1372 1463 1400 cas-

202 1430 325 1467 trum
362 1437 422 1465 ex
456 1428 587 1477 parte
628 1424 780 1476 regis3
828 1436 1022 1477 cumque
1057 1425 1248 1477 primam
1288 1429 1465 1478 partem

203 1503 296 1530 una
337 1502 440 1530 cum
479 1492 618 1542 ponte
660 1489 887 1542 cepissent
938 1493 986 1530 et
1031 1489 1369 1530 illuminassent
1418 1490 1465 1530 in

206 1560 338 1609 parte
370 1553 599 1594 vulnerati
633 1559 741 1594 sunt
773 1553 906 1595 multi
944 1559 991 1595 et
1026 1555 1311 1596 retrocedere
1341 1567 1464 1596 com-

206 1620 328 1673 pulsi
369 1623 498 1666 sunt;
543 1618 697 1670 ibique
734 1618 1002 1659 vulneratus
1045 1624 1117 1659 est
1146 1624 1360 1660 strenuus
1390 1619 1468 1660 iile

209 1685 339 1725 miles
368 1684 582 1736 Rogerus
619 1682 675 1723 de
709 1682 955 1736 Layburne
985 1688 1032 1724 et
1068 1684 1187 1725 male
1224 1689 1468 1725 tractatus.

212 1750 427 1801 Dumque
459 1749 525 1789 sic
558 1747 839 1788 obsidionem
869 1748 1187 1790 continuarent
1210 1748 1267 1790 ad
1289 1754 1471 1802 tempus

211 1815 476 1855 nunciatum
501 1818 570 1854 est
591 1813 656 1853 eis
677 1813 798 1866 quod
823 1814 870 1853 in
889 1814 1111 1855 veniendo
1141 1818 1240 1855 erat
1261 1827 1345 1855 rex
1369 1827 1470 1855 ver-

214 1893 294 1921 sus
316 1878 579 1920 Londonias
600 1891 704 1919 cum
726 1879 933 1920 exercitu
963 1879 1166 1932 copioso,
1191 1884 1236 1920 et
1259 1879 1474 1920 dixerunt

215 1945 272 1986 ad
292 1945 502 1993 invicem,
526 1947 555 1965 “
575 1943 624 1984 Si
645 1943 692 1984 in
716 1944 919 1985 adventu
941 1956 1025 1985 suo
1048 1944 1309 1986 Londonias
1337 1957 1472 1986 occu-

214 2010 395 2064 paverit
431 2021 514 2050 rex
553 2008 721 2050 erimus
755 2009 827 2050 hic
861 2009 1027 2050 inclusi
1062 2010 1195 2063 quasi
1225 2011 1271 2050 in
1304 2010 1474 2063 angulo

216 2081 367 2124 terrae,
404 2079 686 2115 revertamur
721 2087 830 2126 ergo
873 2074 1136 2116 Londonias
1166 2080 1218 2116 ut
1252 2081 1298 2116 et
1324 2076 1475 2116 locum

218 2140 448 2181 salvemus
485 2143 532 2179 et
573 2143 755 2191 gentem
771 2139 812 2180 :'’
844 2140 1005 2192 positis
1054 2152 1164 2192 ergo
1205 2141 1477 2193 quibusdam

220 2210 232 2227 ‘
250 2203 427 2246 certis’¹
450 2204 655 2257 personis
677 2203 734 2244 ad
756 2204 997 2244 tenendam
1029 2204 1327 2254 obsidionem,
1357 2206 1477 2247 Lon-

220 2270 380 2311 donias
401 2269 570 2309 reversi
592 2274 725 2310 sunt:
758 2268 1026 2310 adveniente
1049 2268 1230 2309 demum
1260 2283 1367 2323 rege
1398 2283 1479 2310 ex-

221 2336 372 2376 ierunt
400 2347 503 2374 cum
538 2334 714 2374 civibus
740 2334 920 2374 obviam
943 2334 1000 2383 ei,
1023 2346 1112 2374 non
1134 2339 1286 2375 tamen
1322 2335 1380 2376 ad
1411 2347 1480 2375 re-

223 2399 478 2453 cipiendum
503 2411 606 2439 cum
641 2398 804 2451 palmis
835 2399 914 2439 sed
949 2399 1006 2439 ad
1041 2399 1348 2452 repellendum
1378 2413 1482 2441 cum

224 2465 424 2512 lanceis3
471 2463 806 2517 declinavitque
841 2476 923 2504 rex
958 2469 1004 2505 et
1037 2469 1173 2518 capto
1207 2465 1396 2506 castello
1427 2465 1483 2507 de
1500 2481 1561 2507 rne
1573 2480 1644 2512 king

229 2530 504 2582 Kingeston‚
529 2528 649 2582 quod
690 2534 790 2570 erat
824 2529 1002 2570 comitis
1039 2528 1356 2580 Gloucestriae,
1378 2543 1482 2583 pro·
1501 2514 1648 2572 ἒῖξῗιέἶιὲῗ

226 2596 372 2637 fectus
393 2600 463 2636 est
485 2593 822 2643 Roucestriam‚
845 2595 921 2635 ubi
940 2594 1191 2636 intersectis
1213 2595 1485 2649 quibusdam
1504 2579 1645 2612 ⁸¹³⁸⁸m¹¹

589 2741 599 2761 ¹
624 2743 633 2759 ‘
645 2743 801 2783 caeteris}
821 2743 893 2775 MS.
909 2743 996 2775 Con.
1014 2744 1106 2776 Arm.
