1866 3186
462 298 689 329 WAL'rERI
723 299 783 329 DE
815 299 1192 331 HEMINGBURGH.
1392 290 1451 331 65

181 401 415 453 gressique
440 403 498 444 ad
522 416 740 457 pugnam,
773 408 819 445 et
844 405 1014 445 mutuis
1044 416 1092 445 se
1124 404 1296 446 lanceis
1324 405 1446 446 salu·
1482 412 1639 472 Astffhlelrh

181 470 347 517 tantes,
383 469 539 510 statim
575 470 697 510 acies
732 469 1128 511 exhaeredatorum
1160 471 1304 512 aciem
1338 483 1445 512 con·
1509 463 1516 471 ⁸
1560 465 1565 470 ’
1646 462 1653 469 ’

180 532 331 573 sulum
366 536 608 587 percussit,
639 540 686 576 et
716 535 988 589 praevaluit3
1023 540 1070 577 et
1105 537 1239 589 quasi
1273 537 1320 577 in
1351 538 1447 578 ictu

180 598 301 638 oculi
338 599 561 654 dissipata
595 605 666 642 est
703 602 825 642 acies
858 601 954 651 illa,
991 606 1037 643 et
1067 602 1169 656 ejus
1202 602 1366 644 divisio
1400 603 1448 644 in

182 663 271 704 tria
301 665 499 716 devenit,
525 666 603 708 alii
637 679 835 720 namque
871 667 1009 708 occisi
1047 672 1171 717 sunt,
1199 667 1278 708 alii
1308 668 1447 721 capti,

182 733 228 770 et
252 730 330 770 alii
353 732 646 784 aufugerunt.
716 732 927 774 Secunda
946 732 1067 773 acies
1088 733 1210 784 regis
1231 745 1450 785 percussa

182 807 210 835 a
242 795 554 838 Wallensibus
599 802 646 838 et
681 810 709 837 a
743 797 909 838 comite
954 796 1187 838 Cestrensi
1228 799 1361 850 quasi
1401 800 1446 839 in

181 867 410 904 momento
444 863 667 916 dissipata
704 867 775 904 est
808 863 928 903 sicut
961 862 1101 915 prior,
1141 862 1448 917 fugeruntque

182 939 339 968 omnes
381 929 574 982 equites,
605 929 747 970 vitam
794 928 947 981 potius
988 928 1170 970 salvare
1213 930 1448 982 cupientes

181 1005 319 1045 quam
342 997 354 1015 ‘
371 1007 522 1047 regem
541 994 592 1042 ;'¹
618 1007 700 1035 rex
722 1007 920 1048 namque
944 993 1204 1047 Stephanus
1225 1008 1329 1036 cum
1351 997 1448 1037 acie

180 1071 266 1100 sua
296 1059 512 1112 pedestri,
534 1072 637 1113 quae
668 1061 767 1101 sola
796 1064 1093 1109 remanserat,
1115 1060 1447 1114 circumseptus

179 1129 276 1172 est;
311 1127 616 1179 apparuitque
646 1130 755 1167 tunc
782 1126 849 1167 vis
876 1125 998 1179 regis
1027 1125 1245 1168 fulminea
1268 1128 1448 1169 caedens

183 1191 366 1243 bipenni
391 1197 510 1233 nunc
532 1192 616 1233 hos
640 1205 758 1232 nunc
780 1197 826 1233 et
848 1192 967 1242 illos,
992 1196 1038 1233 et
1059 1187 1228 1234 multos
1251 1188 1298 1233 in
1319 1194 1447 1236 brevi

184 1256 242 1296 ad
277 1261 486 1298 extrema
523 1257 769 1304 deducens.
841 1257 1006 1298 Comes
1043 1270 1151 1299 vero
1190 1258 1447 1300 Cestrensis

183 1321 391 1363 invidens
423 1323 582 1376 gloriae
615 1323 736 1376 regis
768 1336 871 1364 cum
909 1324 1033 1364 omni
1063 1324 1261 1376 pondere
1297 1337 1446 1366 armo-

183 1400 283 1427 rum
320 1387 450 1429 irruit
485 1389 531 1429 in
569 1401 700 1439 eum3
737 1393 846 1429 tunc
886 1401 1032 1430 novus
1072 1389 1217 1430 oritur
1260 1390 1447 1440 clamor,

181 1454 290 1506 quia
332 1467 490 1495 omnes
524 1455 570 1495 in
606 1467 708 1495 eum
744 1459 789 1495 et
825 1454 923 1507 ipse
954 1455 1001 1494 in
1045 1467 1229 1496 omnes:
1263 1456 1446 1497 tandem

180 1519 389 1572 bipennis
430 1521 557 1574 regia
597 1533 655 1561 ex
697 1520 952 1574 frequentia
993 1520 1165 1562 ictuum
1213 1522 1448 1564 confracta

185 1589 282 1636 est3
317 1586 437 1638 quod
466 1586 625 1627 videns
659 1586 845 1639 quidam
876 1585 1138 1627 Willelmus
1170 1587 1300 1628 miles
1331 1593 1447 1630 stre-

184 1651 430 1692 nuissimus
453 1652 585 1692 irruit
609 1653 655 1692 in
678 1665 847 1705 regem,
872 1657 918 1692 et
942 1665 1044 1693 eum
1069 1652 1203 1705 galea
1226 1654 1448 1706 arripiens

186 1716 402 1758 clamavit
419 1730 529 1758 voce
545 1730 727 1769 magna,
745 1721 773 1740 “
789 1717 914 1767 Huc,
932 1717 1153 1767 homines,
1167 1718 1273 1759 huc!
1294 1731 1448 1771 regem

186 1787 318 1823 teneo
335 1782 376 1823 :”
409 1783 625 1824 continuo
646 1783 866 1824 advolant
887 1796 1057 1837 omnes,
1082 1788 1128 1824 et
1150 1784 1330 1836 capitur
1349 1798 1449 1835 rex,

185 1861 432 1901 omnesque
462 1861 520 1889 ex
552 1849 649 1889 acie
673 1844 794 1901 regis
825 1853 906 1890 aut
927 1849 1051 1901 capti
1082 1854 1190 1890 sunt
1211 1855 1291 1891 aut
1313 1852 1446 1892 caesi:

184 1914 346 1955 civitas
382 1927 489 1955 vero
528 1914 683 1955 hostili
715 1914 817 1967 lege
849 1914 1029 1967 direpta
1064 1919 1148 1963 est,
1185 1920 1230 1956 et
1265 1929 1348 1957 rex
1391 1918 1448 1958 ad
1496 1955 1498 1959 .

182 1979 516 2032 imperatricem
548 1980 759 2033 captivus
791 1980 956 2021 ductus
987 1984 1072 2029 est,
1097 1985 1142 2021 et
1166 1981 1213 2021 in
1249 1982 1450 2029 turride

186 2045 384 2086 Bristow
406 2046 613 2099 positus:
646 2046 914 2098 imperatrix
937 2058 1044 2086 vero
1075 2046 1133 2086 ab
1161 2047 1284 2087 omni
1313 2053 1449 2100 gente
1467 2060 1600 2098 andcqn-
1633 2093 1638 2099 ,

187 2109 441 2163 Anglorum
465 2112 713 2164 suscipitur
736 2111 783 2151 in
808 2111 1054 2160 dominam,
1077 2112 1283 2165 exceptis
1306 2113 1448 2155 Kent-
1466 2093 1668 2151 {iffgsstssfm‘

184 2176 366 2216 ensibus
397 2177 474 2217 ubi
510 2177 797 2230 repugnabat
838 2177 997 2229 regina
1031 2190 1152 2218 uxor
1189 2178 1312 2230 regis
1347 2179 1447 2220 Ste-
1468 2190 1586 2214 Matilda
1607 2197 1653 2215 as-

1467 2230 1562 2247 sumes
1574 2223 1623 2248 the

183 2241 323 2294 phani
342 2259 353 2289 3
388 2247 602 2295 suscepta
621 2247 691 2283 est
711 2242 848 2283 etiam
865 2255 893 2283 a
907 2241 1062 2295 legato
1085 2242 1296 2284 Romano
1318 2244 1447 2285 Hen-
1466 2256 1676 2319 {gtyyffffiffig-y·

183 2307 278 2347 rico
310 2307 618 2349 Wintoniensi
653 2308 866 2361 episcopo
907 2312 953 2348 et
988 2320 1016 2348 a
1054 2307 1447 2350 Londoniensibus
1467 2321 1582 2352 Apri17-

184 2373 423 2422 universis,
445 2378 490 2414 et
513 2386 653 2426 supra
679 2373 863 2414 modum
895 2373 1131 2414 honorata.
1181 2373 1446 2415 Elevatum-

185 2450 273 2489 que
309 2443 379 2478 est
400 2451 477 2479 cor
497 2439 657 2491 ipsius,
688 2451 741 2479 eo
772 2439 894 2491 quod
930 2443 1273 2491 prosperassent
1295 2440 1382 2489 sui,
1404 2445 1449 2481 et

186 2503 244 2542 ad
266 2507 374 2543 vota
398 2503 494 2557 jam
520 2504 777 2544 evenissent
801 2504 979 2544 omnia:
1012 2504 1058 2543 in
1093 2507 1270 2544 tantum
1301 2504 1346 2544 in
1370 2518 1447 2546 su·
1467 2520 1656 2552 Becomesty.

186 2568 389 2620 perbiam
411 2569 741 2610 intolerabilem
763 2573 915 2609 erecta
938 2574 1023 2618 est,
1046 2569 1166 2621 quod
1190 2569 1283 2610 fere
1304 2572 1447 2612 omni·
1465 2560 1495 2610 i?
1498 2553 1601 2611 ’31ῗῖἓέἷὶ
1613 2555 1668 2579 ”¹¹⁶¹

186 2646 263 2673 um
297 2634 436 2675 corda
479 2635 536 2675 ab
577 2635 677 2687 ipsa
714 2638 928 2687 separata
969 2639 1092 2684 sunt,
1126 2634 1448 2689 displicuitque
1466 2619 1538 2677 2¹31?
1551 2620 1623 2644 ¹¹⁰¹¹'

435 2764 441 2782 ¹
467 2767 476 2783 ‘
490 2764 596 2807 mori‚’
614 2766 713 2798 MSS.
725 2766 812 2798 Coll.
824 2767 917 2798 Arm.
935 2767 1000 2798 and
1017 2766 1104 2799 cott.
1120 2767 1195 2799 Tib.

244 2842 346 2871 VOL.
381 2842 413 2871 Ῑ.
1224 2844 1249 2873 F
