1866 3186
457 266 679 298 wmsrssm
718 268 779 298 DE
810 268 1185 300 HEMmcnuncfl.
1364 259 1449 300 173

182 370 448 425 plerumque
462 372 600 414 etiam
622 372 922 415 numerosius.
965 373 1232 427 Legationis
1247 386 1343 415 suae
1363 387 1444 415 no·
1482 393 1644 419 mehor-11.

182 437 303 478 mine
338 437 586 492 hospitium
627 452 655 480 a
687 440 865 481 cunctis
904 453 987 493 per
1025 439 1244 494 Angliam
1286 440 1444 492 exegit
1475 427 1645 452 A‘D‘¹¹⁹¹'

182 504 495 546 monasteriis:
528 510 574 546 et
595 518 623 546 a
647 506 897 547 minoribus
921 519 1025 559 quae
1048 506 1228 559 pondus
1258 505 1445 560 hospitii

181 568 298 609 ferre
320 583 411 611 non
442 576 670 624 poterant,
694 576 835 621 certa,
856 571 902 612 id
924 576 993 613 est
1016 576 1121 613 octo
1143 572 1217 613 vel
1242 573 1445 626 quinque
1463 589 1516 615 and
1530 587 1658 621 prodiga-

183 647 453 686 marcarum,
475 649 654 678 summa
687 637 847 678 redimi
877 637 1076 690 hospitia
1106 638 1309 686 censuit;
1349 651 1445 678 ma·
1462 622 1513 654 ἠ’
1516 640 1523 648 ”

175 699 357 753 joribus
399 715 509 744 vero
551 703 843 744 incumbebat
887 702 1016 743 velut
1064 703 1257 744 locusta.
1348 703 1445 744 Ex-

183 765 337 808 hausit
366 781 477 821 ergo
509 781 601 809 non
629 768 778 809 solum
814 768 1026 809 aerarium
1064 768 1256 820 regium,
1285 780 1446 808 verum

182 833 319 874 etiam
363 833 580 887 quicquid
615 847 674 874 ex
710 846 867 887 regno,
899 833 1203 883 monasteriis,
1227 833 1447 884 ecclesiis,

182 910 455 952 quacunque
475 900 715 940 occasione
739 899 979 941 corradere
1008 903 1203 952 poterat.
1275 899 1448 941 Praefe-

183 968 308 1005 cerat
330 965 448 1005 enim
470 965 662 1018 singulis
687 965 934 1019 provinciis
957 965 1261 1019 nequissimos
1293 966 1444 1007 avari—

182 1030 260 1071 tiae
281 1043 377 1072 suae
398 1031 643 1081 ministros,
669 1032 749 1085 qui
773 1045 863 1073 non
884 1031 1064 1081 clerico,
1086 1044 1178 1073 non
1197 1032 1332 1081 laico,
1355 1045 1447 1073 non

183 1096 398 1149 religioso
428 1102 668 1150 parcerent
692 1097 764 1138 vel
788 1097 1029 1147 deferrent,
1061 1098 1306 1151 quominus
1337 1110 1444 1138 can-

182 1162 355 1204 cellarii
385 1163 634 1204 commodis
661 1163 948 1212 inservirent,
971 1163 1037 1204 sic
1059 1163 1177 1205 enim
1210 1163 1447 1204 dicebatur

184 1241 288 1269 cum
321 1229 563 1283 episcopus
593 1233 728 1279 esset,
760 1234 806 1271 et
841 1229 1044 1283 episcopi
1075 1230 1259 1283 quidem
1289 1230 1335 1270 in
1365 1229 1445 1270 illo

184 1294 358 1335 nullum
391 1295 464 1336 vel
497 1295 714 1348 tepidum,
744 1295 1005 1336 cancellarii
1036 1308 1145 1336 vero
1170 1308 1334 1336 nomen
1365 1308 1447 1348 per

184 1360 448 1401 universam
469 1366 568 1402 erat
592 1360 809 1414 Angliam
843 1361 1023 1414 insigne
1050 1366 1191 1415 atque
1216 1361 1444 1403 terribile:

183 1438 293 1468 sane
343 1426 518 1468 nobiles
567 1427 697 1480 regni
746 1431 792 1469 et
843 1427 1089 1480 optimates
1142 1428 1298 1480 plures
1340 1440 1445 1480 pro-

182 1492 457 1546 pinquarum
488 1506 692 1543 suarum,
721 1506 837 1547 quas
868 1506 928 1534 ex
963 1493 1007 1535 N
1010 1493 1248 1535 ormannia
1277 1493 1447 1534 multas

184 1563 447 1608 vocaverat,
494 1559 721 1613 conjugiis
771 1559 1000 1601 devincire
1043 1560 1235 1601 curavit.
1328 1558 1446 1600 Cum

185 1637 296 1677 ergo
305 1624 531 1666 hocmodo
539 1625 833 1667 astrinxisset
848 1626 956 1666 ‘sibi
970 1626 1190 1666 nobilium
1206 1625 1445 1679 plurimos,

184 1695 374 1732 caeteros
392 1704 500 1732 vero
519 1691 592 1732 vel
613 1690 930 1744 confregisset'
943 1690 954 1712 ¹
971 1692 1237 1740 terroribus,
1253 1691 1327 1732 vel
1348 1696 1447 1732 arte

185 1762 230 1798 et
254 1756 412 1798 officiis
442 1756 704 1809 delinisset;
737 1757 885 1798 solum
919 1762 1073 1799 tamen
1106 1758 1340 1799 metuebat
1364 1757 1394 1798 J
1398 1770 1447 1798 o-

184 1822 381 1864 hannem
418 1824 539 1876 regis
570 1823 774 1873 fratrem,
804 1828 965 1877 utpote
992 1823 1125 1876 longe
1147 1823 1449 1877 potentiorem

184 1889 379 1938 caeteris,
396 1894 442 1930 et
460 1894 695 1943 speratum
717 1890 847 1943 regni
867 1902 1204 1930 successorem:
1238 1888 1449 1942 denique,

184 1968 240 1996 ne
270 1968 378 2008 rege
408 1955 524 1997 sorte
554 1968 743 2009 peregre
778 1955 1015 2005 moriente,
1040 1959 1086 1996 et
1114 1954 1328 1996 Johanne
1363 1955 1451 1996 rite

183 2021 471 2072 succedente,
518 2022 663 2075 ipsius
706 2022 940 2075 expiraret
981 2026 1206 2075 potestas,
1250 2025 1366 2070 arte,
1398 2025 1451 2062 ut

184 2087 365 2136 dicitur,
387 2087 614 2140 agendum
638 2087 834 2140 putavit,
858 2092 912 2128 ut
934 2086 964 2128 J
969 2087 1171 2128 ohannes
1187 2086 1285 2141 jam
1317 2086 1449 2127 adul-

183 2157 257 2193 tus
280 2166 369 2194 non
393 2153 672 2203 succederet,
693 2153 771 2193 sed
794 2166 874 2206 per
901 2165 1211 2194 successorem
1242 2156 1450 2192 tenerum

183 2218 310 2271 longi
335 2219 419 2259 sibi
443 2219 658 2272 temporis
683 2222 959 2271 potestatem
983 2222 1183 2271 pararet.
1255 2217 1449 2258 Duobus
1469 2233 1651 2265 Hisprojects

183 2284 326 2336 igitur
346 2284 564 2326 fratribus
586 2285 682 2325 suis
712 2284 770 2325 ad
799 2297 951 2337 regem
986 2283 1225 2325 Scotorum
1249 2283 1449 2332 directis,
1467 2266 1643 2357 ἕξει-ἓξὲξ

183 2350 316 2403 petiit
360 2356 412 2392 ut
455 2351 713 2391 firmissimo
757 2350 845 2391 sibi
884 2349 1053 2390 foedere
1096 2348 1345 2389 cohaereret
1390 2348 1448 2389 ad
1467 2365 1577 2390 throne.

184 2416 522 2469 praeficiendum
567 2429 709 2469 regno
744 2415 1000 2469 Anglorum
1036 2412 1310 2456 Arthurum²
1347 2413 1450 2455 Bri-

232 2559 239 2578 ¹
264 2553 428 2592 Supplied
444 2551 526 2584 from
543 2553 618 2585 MS.
636 2553 760 2585 Lansd.
833 2555 941 2591 treaty
972 2552 1054 2583 with
1090 2551 1255 2592 Tancred,
1287 2552 1379 2592 King
1418 2553 1456 2584 of

230 2601 243 2620 ²
268 2599 300 2630 It
324 2602 414 2630 must
439 2599 518 2630 here
543 2599 584 2630 be
612 2598 801 2638 remarked,
835 2599 953 2637 Sicily,
979 2598 1013 2629 in
1045 2600 1141 2638 1190,
1166 2598 1363 2638 recognised
1385 2598 1450 2630 and

183 2646 255 2677 that
271 2648 327 2676 not
342 2645 420 2685 only
436 2655 508 2676 was
535 2646 657 2676 Prince
675 2645 803 2676 Arthur
835 2644 1030 2676 sanctioned
1069 2644 1123 2675 his
1159 2644 1248 2684 right
1287 2645 1320 2675 in
1358 2644 1452 2677 these

183 2692 238 2723 the
254 2692 440 2732 legitimate
465 2691 537 2722 heir
552 2695 585 2722 to
601 2691 656 2722 the
674 2691 803 2731 throne,
836 2691 1037 2722 wordsz-“
1049 2691 1096 2722 Ut
1110 2693 1222 2722 autem
1246 2700 1313 2730 pax
1334 2691 1400 2722 ista
1419 2694 1454 2722 et

184 2739 244 2769 but
258 2738 330 2769 that
352 2738 497 2769 Richard
524 2737 668 2778 himself,
692 2738 724 2768 in
751 2737 803 2768 his
837 2737 984 2768 fraterna
1006 2737 1156 2778 dilectio,
1179 2740 1247 2768 tam
1273 2736 1453 2777 multiplici
