1866 3186
236 378 356 404 menard
370 379 394 405 1.

232 412 266 437 A.
277 412 312 437 D.
327 413 403 439 1190.

428 257 514 299 156
919 266 1196 298 canonicos

429 370 565 412 cessit
579 370 848 424 hospitium3
870 370 969 423 ipse
984 383 1108 421 vero,
1120 370 1372 412 munitione
1384 374 1519 412 extra
1530 369 1687 410 urbem

429 440 696 478 constructa
717 435 972 488 castrisque
999 435 1248 488 dispositis,
1269 435 1434 477 ibidem
1458 448 1562 476 cum
1591 435 1687 475 suis

211 509 332 540 Dispute
343 510 413 535 with
428 502 573 555 copiis
611 501 660 542 in
701 500 825 542 omni
867 513 1018 541 rerum
1061 501 1195 554 copia
1233 500 1466 542 hiemavit.
1538 499 1685 541 Porro

211 542 289 574 King
298 542 400 575 Philip.

427 580 512 608 rex
556 566 838 608 Francorum
881 566 1006 606 urbis
1052 565 1247 619 hospitae
1289 566 1584 619 irruptionem
1627 564 1684 605 ad

427 645 559 673 suam
599 631 787 673 trahens
830 630 1061 685 injuriam,
1106 635 1153 672 et
1198 643 1281 684 pro
1327 630 1469 671 nihilo
1517 630 1686 671 ducens

426 696 590 738 indulti
639 697 823 750 hospitii
874 697 1088 750 gratiam,
1137 695 1473 750 implacabilem
1524 700 1686 736 contra

427 775 580 815 regem
615 761 870 815 Anglorum
899 762 1125 815 concepit,
1148 761 1350 815 totisque
1380 760 1557 802 imbibit
1591 773 1684 801 me-

357 869 361 876 ,
425 828 578 878 dullis,
599 840 852 869 rancorem.

208 1109 243 1134 Δ.
258 1109 292 1136 D.
308 1109 381 1134 1191.

199 2481 319 2507 Richard

198 2515 313 2539 marries
323 2515 372 2540 the

599 977 800 1030 Quomodo
823 978 912 1019 Rex
934 977 1148 1019 Rioardus
1167 977 1290 1019 duxit
1318 977 1505 1020 Umorem.

492 1097 644 1150 Igitur
692 1097 947 1142 illustribus
1002 1097 1283 1138 Francorum
1333 1096 1682 1151 Anglorumque

423 1163 609 1215 regibus
645 1164 693 1204 in
735 1162 890 1204 Sicilia
929 1163 1013 1203 sub
1054 1162 1373 1215 expectatione
1408 1175 1562 1204 vernae
1601 1176 1684 1204 ex-

426 1228 669 1281 peditionis
710 1228 1034 1278 hiemantibus,
1073 1227 1291 1269 Alienora
1335 1228 1495 1281 regina
1536 1233 1683 1270 mater

422 1294 545 1346 regis
598 1294 802 1343 Ricardi‚
845 1294 979 1334 anilis
1019 1293 1164 1334 oblita
1210 1294 1378 1343 aetatis,
1417 1306 1500 1335 nec
1548 1307 1681 1347 repu-

423 1364 526 1400 tans
561 1359 890 1411 longitudinem
928 1371 1007 1399 seu
1046 1357 1359 1399 difficultatem
1389 1359 1563 1399 itineris
1598 1366 1679 1401 aut

424 1425 619 1476 rigorem
654 1424 872 1477 temporis
911 1423 1133 1473 hiemalis,
1167 1423 1273 1463 dum
1306 1428 1512 1465 materno
1545 1424 1680 1465 duce-

423 1493 564 1539 retur,
598 1489 673 1530 vel
714 1489 869 1542 potius
911 1489 1183 1538 traheretur,
1225 1488 1404 1537 affectu,
1446 1502 1474 1529 a
1515 1488 1681 1531 finibus

425 1559 558 1595 terrae
594 1554 794 1595 Siciliam
826 1555 950 1595 venit
985 1554 1041 1594 ad
1077 1553 1235 1603 filium,
1266 1566 1417 1595 secum
1450 1553 1680 1596 adducens

424 1624 671 1672 nupturam
700 1619 767 1659 illi
798 1620 919 1672 regis
952 1619 1268 1660 Navarrorum
1295 1619 1452 1669 filiam,
1493 1619 1679 1661 famosae

423 1684 772 1738 pulchritudinis
809 1689 854 1726 et
889 1684 1141 1737 prudentiae
1176 1683 1412 1737 virginem.
1482 1684 1543 1726 Et
1580 1687 1679 1739 qui-

422 1749 523 1790 dem
553 1754 649 1790 tam
678 1749 882 1803 ineptum
913 1763 1050 1803 quam
1080 1750 1216 1790 etiam
1253 1750 1521 1791 inusitatum
1553 1751 1677 1792 vide-

421 1815 558 1855 batur
601 1819 654 1855 ut
695 1815 743 1855 in
789 1815 1039 1868 praecinctu
1079 1815 1301 1856 bellorum
1343 1815 1398 1856 de
1440 1815 1677 1869 voluptate

421 1878 789 1932 ‘cogitaretur‚'¹
821 1885 1023 1921 attamen
1069 1880 1155 1921 hoc
1185 1881 1231 1920 in
1263 1885 1483 1932 regnante
1506 1880 1677 1934 juvene

419 1957 510 1985 non
543 1949 722 1985 tantum
762 1945 991 1993 utilitatis,
1025 1958 1182 1985 verum
1221 1945 1359 1985 etiam
1391 1946 1674 1987 salubritatis

418 2010 535 2050 ratio
560 2009 846 2051 honestabat.
910 2010 1033 2051 Nam
1060 2015 1106 2051 et
1135 2010 1182 2051 in
1211 2010 1291 2051 illo
1322 2011 1515 2052 articulo
1542 2012 1674 2052 sobo-

417 2075 506 2115 lem
556 2088 776 2128 quaerere,
821 2088 925 2116 cum
968 2075 1110 2116 filium
1154 2075 1233 2129 qui
1275 2076 1537 2118 succederet
1583 2090 1673 2118 non

418 2139 620 2190 haberet,
653 2140 764 2181 utile
795 2141 894 2182 fuit.
962 2141 1168 2195 Cumque
1206 2147 1327 2182 esset
1357 2154 1440 2194 pro
1471 2147 1609 2183 aetate
1629 2149 1675 2184 et

417 2218 503 2246 usu
546 2205 807 2247 deliciarum
854 2207 1071 2256 lubricus,
1123 2211 1170 2248 et
1217 2207 1440 2247 bellorum
1489 2213 1674 2261 propter

417 2270 649 2312 Christum
687 2272 891 2324 pericula
927 2273 1178 2321 subiturus,
1221 2278 1381 2314 contra
1423 2273 1671 2314 maximum

414 2336 725 2377 fornicationis
763 2329 1012 2390 periculum
1059 2337 1331 2390 competenti
1367 2338 1563 2379 remedio
1598 2352 1671 2380 sa—

414 2401 532 2442 lubri
559 2415 670 2442 usus
701 2402 891 2443 consilio
923 2415 972 2443 se
1002 2403 1208 2443 munivit.
1269 2401 1530 2444 Adductam
1562 2417 1671 2456 ergo

415 2465 667 2518 virginem2
697 2467 831 2508 duxit
873 2468 919 2508 in
963 2466 1178 2508 uxorem³
1223 2468 1412 2508 eandem
1460 2481 1540 2521 per
1576 2481 1670 2508 ma-

458 2579 468 2599 ¹
493 2581 503 2598 ‘
515 2582 699 2622 cogitaret,’
717 2583 790 2614 MS.
808 2583 935 2615 Lansd.
1061 2583 1098 2614 of
1109 2593 1130 2614 a
1144 2583 1237 2623 large
1254 2584 1405 2623 pension.
1442 2584 1526 2623 Rog.
1542 2584 1583 2614 de
1600 2584 1672 2614 Ho-

457 2629 470 2647 ²
486 2627 634 2658 Richard
650 2628 717 2659 had
733 2629 815 2660 been
831 2629 1023 2668 previously
1059 2629 1176 2668 veden,
1207 2629 1286 2661 Rer.
1318 2630 1407 2668 Aug.
1438 2629 1558 2667 Script.
1585 2631 1668 2667 6883

410 2672 561 2703 released
590 2674 633 2712 by
667 2674 758 2714 King
790 2674 906 2714 Philip
938 2675 1021 2706 from
1059 2672 1328 2714 Brompt.,Hist.
1341 2674 1667 2713 Ang.Script.1196.

410 2717 463 2747 his
500 2719 682 2758 obligation
721 2720 759 2751 of
794 2721 958 2760 marriage
989 2724 1022 2751 to
1105 2718 1118 2736 ³
1140 2721 1211 2751 The
1242 2720 1406 2758 marriage
1432 2729 1503 2749 was
1528 2720 1668 2750 solemu-

410 2763 558 2800 princess
579 2764 689 2804 Alice,
715 2766 748 2795 in
775 2766 1021 2797 consideration
1057 2766 1131 2797 ized
1149 2766 1235 2797 after
1249 2765 1305 2796 the
1322 2768 1460 2804 capture
1476 2765 1515 2796 of
1525 2765 1670 2806 Cyprus,
