1866 3186
193 378 314 407 menard
328 376 351 402 l-

187 415 221 439 A.
234 413 268 438 D.
283 411 358 436 1190.

387 250 471 291 140
879 260 1157 292 canomcou

387 353 654 406 obsequium
687 366 737 394 se
766 358 985 406 praestare
1017 354 1118 395 Deo
1149 354 1257 394 dum
1289 353 1538 407 spoliarent
1572 353 1642 394 vel

387 419 626 473 perderent
659 418 862 459 homines
890 418 1073 460 Christo
1103 419 1319 467 rebelles;
1353 424 1399 460 et
1430 420 1644 472 agebant,

171 468 311 493 Massacre
320 466 352 491 of
414 485 422 493 .

171 502 219 525 the
232 501 317 526 Jews.

164 2296 201 2320 At
209 2295 359 2326 Stamford,

164 2329 261 2353 March
275 2329 298 2353 7.

387 497 485 525 sine
520 485 809 526 conscientiae
843 484 1073 538 scrupulo,
1106 484 1238 525 hilari
1270 485 1420 526 furore
1446 486 1642 538 propriae

386 550 650 603 cupiditatis
680 550 925 603 negotium.
995 549 1128 591 Unde
1155 550 1276 603 apud
1308 550 1512 592 Lennam
1535 563 1641 591 con-

387 616 491 668 tigit
514 615 738 669 quendam
761 628 820 657 ex
842 615 872 657 J
876 615 1020 656 udaeis
1039 615 1137 656 fieri
1157 615 1477 667 Christianum,
1508 629 1642 670 quem

386 686 605 734 tanquam
659 681 775 735 legis
828 681 1226 735 praevaricatorem
1283 680 1312 722 J
1317 681 1436 722 udaei
1489 694 1643 734 prose-

387 751 592 799 quentes,
617 752 803 800 captata
825 747 1168 800 opportunitate
1197 751 1244 787 et
1275 747 1470 800 arreptis
1491 748 1644 798 armis,

384 813 534 865 ipsum
554 813 760 865 aggressi
781 817 887 853 sunt
909 825 990 866 per
1010 813 1129 854 viam
1150 817 1476 862 transeuntem,
1505 825 1641 866 porro

383 878 461 919 ille
486 879 532 919 in
562 877 798 919 ecclesiam
821 878 1076 931 proximam
1102 891 1151 919 se
1177 879 1363 931 recepit,
1386 882 1494 919 ‘nec
1515 879 1641 931 quie-

384 956 490 985 vere
512 943 751 985 saevientes
766 942 799 991 ς’
811 942 823 965 ¹
853 943 934 984 sed
954 944 1217 985 continuato
1234 943 1384 985 furore
1404 949 1451 985 et
1470 944 1642 998 impetu

383 1009 572 1050 eandem
621 1009 859 1050 ecclesiam
908 1022 1174 1062 oppugnare
1224 1018 1486 1062 coeperunt:
1531 1023 1640 1050 mox

383 1074 544 1127 ingens
572 1073 743 1115 clamor
763 1074 1002 1123 attollitur,
1024 1079 1070 1116 et
1092 1074 1399 1116 Christianum
1421 1075 1643 1116 auxilium

385 1140 559 1180 sonoris
579 1140 766 1181 vocibus
788 1139 1039 1192 flagitatur.
1111 1139 1296 1181 Clamor
1324 1153 1433 1193 ergo
1456 1146 1502 1182 et
1522 1141 1644 1183 sama

387 1205 695 1247 Christianum
737 1206 958 1259 populum
1003 1206 1285 1254 accendunt3
1335 1212 1381 1247 et
1420 1207 1645 1260 peregrini

380 1271 590 1325 juvenes,
629 1284 822 1325 quorum
861 1271 970 1313 illuc
1011 1272 1255 1313 multitudo
1296 1285 1466 1325 magna
1504 1286 1642 1326 nego-

386 1337 530 1378 tiandi
565 1338 715 1390 gratia
751 1342 951 1387 venerat,
992 1338 1155 1379 armati
1190 1343 1450 1387 accurrunt,
1486 1351 1643 1391 super-

385 1403 468 1443 bos
488 1403 808 1456 belligerantes
828 1403 988 1444 fortius
1008 1404 1290 1457 impetentes.
1341 1403 1370 1445 J
1376 1404 1496 1444 udaei
1518 1417 1643 1454 vero,

385 1481 489 1510 cum
523 1468 884 1510 Christianorum
917 1469 1136 1522 impetum
1165 1469 1282 1510 ferre
1316 1482 1406 1510 non
1440 1476 1644 1523 possent,

385 1534 540 1587 fugam
580 1535 790 1584 inierunt,
835 1535 965 1576 caesis
1007 1536 1054 1576 in
1092 1534 1204 1588 suga
1242 1535 1429 1576 multis:
1482 1535 1642 1577 domus

384 1601 522 1642 etiam
571 1613 726 1642 eorum
782 1606 1061 1654 expugnatae
1106 1605 1245 1654 atque
1296 1601 1564 1654 exspoliata}
1614 1615 1643 1643 a

385 1665 671 1716 Christianis,
695 1666 890 1707 flammis
911 1666 1092 1707 tandem
1121 1667 1357 1708 ultricibus
1388 1667 1641 1720 conflagra-

382 1736 503 1774 runt.
574 1731 811 1785 Peregrini
840 1745 948 1773 vero
970 1732 1166 1786 juvenes
1193 1732 1350 1786 praeda
1378 1734 1544 1783 onusti,
1573 1747 1641 1774 re-

381 1798 536 1850 petitis
558 1798 766 1848 navibus,
791 1811 847 1839 ne
872 1811 1008 1851 quam
1029 1798 1146 1839 forte
1178 1811 1206 1839 a
1235 1798 1451 1839 ministris
1480 1803 1492 1820 ‘
1507 1800 1642 1852 regiis

381 1865 658 1905 sustinerent
678 1864 991 1917 quaestionem,
1014 1863 1219 1904 celeriter
1239 1865 1461 1905 abierunt.
1531 1865 1642 1906 Loci

383 1942 489 1970 vero
528 1929 706 1978 incolae,
746 1942 849 1969 cum
888 1933 1075 1981 propter
1117 1929 1202 1970 hoc
1242 1929 1575 1970 discuterentur
1612 1944 1640 1971 a

381 1995 533 2046 regiis,
569 1995 615 2035 in
655 1993 951 2048 peregrinos’2
987 1994 1065 2047 qui
1094 1994 1194 2049 jam
1229 1995 1433 2036 abierant
1469 1995 1639 2037 factum

381 2060 658 2101 refuderunt.

597 2186 703 2226 Item
723 2185 840 2241 apud
862 2183 1157 2239 Stanfordiam
1180 2185 1228 2226 de
1247 2185 1420 2228 Judaeis.

438 2282 553 2324 Post
601 2283 699 2325 haec
739 2284 860 2336 apud
908 2282 1214 2324 Stanfordiam
1264 2284 1370 2325 novi
1420 2283 1638 2325 adversus

380 2348 408 2389 J
415 2349 570 2390 udaeos
621 2350 814 2390 turbinis
863 2353 1013 2390 motus
1062 2349 1273 2390 surrexit.
1356 2349 1472 2390 Cum
1521 2350 1638 2391 enim

379 2414 544 2456 ibidem
586 2414 969 2468 quadragesimali
1012 2419 1215 2468 tempore
1258 2414 1481 2455 solemnes
1523 2428 1636 2456 nun-

379 2479 496 2522 dinae
525 2486 793 2534 agerentur3
824 2481 1017 2534 juvenes
1049 2481 1127 2533 qui
1159 2481 1338 2533 signum
1365 2480 1637 2522 dominicum

378 2544 407 2585 J
413 2546 714 2600 erosolymam
748 2546 994 2599 profecturi
1026 2551 1336 2599 susceperant,
1369 2559 1429 2587 ex
1449 2546 1638 2587 diversis

379 2612 621 2663 provinciis
647 2613 892 2660 venientes,
920 2611 1298 2665 indignantesque
1328 2611 1448 2664 quod
1469 2612 1636 2652 inimici

379 2720 440 2798 Μὲ
459 2723 544 2797 ‘1:⁸oe
562 2726 675 2798 gamen
700 2723 749 2762 ΠΗ
770 2723 991 2763 quieverunt?
1075 2743 1087 2761 2
1108 2744 1256 2777 Omitted
1273 2745 1306 2775 in
1323 2743 1397 2775 MS.
1415 2742 1500 2775 σου.
1517 2742 1610 2775 Arm.

446 2790 453 2798 ι
500 2777 559 2799 ans
588 2791 595 2799 ι
