1866 3186
461 272 686 303 WAL'rEm
720 273 782 303 DE
812 272 1190 305 HEMINGBURGH.
1371 262 1457 304 139

193 371 376 413 Interea
420 384 575 412 rumor
623 372 928 425 gratissimus,
977 371 1100 426 quod
1148 371 1324 413 scilicet
1373 384 1455 412 rex
1493 379 1655 407 RichardI·

193 450 349 478 omnes
375 436 405 478 J
410 437 567 478 udaeos
594 438 888 479 exterminari
912 437 1146 492 jussisset,
1167 442 1291 479 totas
1311 437 1457 479 incre-

1491 414 1573 440 A..D
1587 413 1663 438 1189.

1474 469 1618 495 Mum-re
1629 467 1661 493 or

193 502 360 544 dibili‘
376 503 655 545 celeritate'1
685 504 907 557 percurrit
936 503 1221 545 Londonias:
1255 515 1457 556 moxque
1474 503 1523 528 ‘¹¹⁶
1535 502 1621 528 '⁸⁹¹⁸-

194 569 394 610 infinitus
425 568 863 623 indisciplinatorum
892 569 1106 624 populus,
1137 575 1232 611 tam
1265 582 1325 611 ex
1356 569 1458 622 ipsa

195 635 382 676 civitate
417 648 555 688 quam
595 648 655 677 ex
693 635 937 689 provinciis
974 634 1197 689 plurimis,
1229 635 1309 688 qui
1347 634 1458 676 illuc

196 701 423 742 unctionis
457 702 596 754 regiae
628 713 770 742 causa
808 705 1099 750 convenerat,
1135 705 1339 742 armatus
1381 712 1457 741 ac-

196 767 350 808 currit.
411 765 718 808 Trucidantur
738 778 847 820 ergo
863 765 893 808 J
897 766 1043 814 udaei;
1077 770 1123 807 et
1141 766 1220 819 qui
1238 764 1459 807 beneficio

196 832 432 874 domorum
471 832 654 874 fortium
689 832 936 874 tuebantur
972 830 1031 873 ad
1065 835 1260 884 tempus,
1301 843 1331 872 a
1367 830 1458 871 fre-

195 899 421 939 mentibus
460 897 657 952 populis,
701 898 805 951 igne
848 897 1068 947 immisso,
1115 900 1459 938 consumuntur.

198 963 244 1005 N
247 964 488 1005 unciantur
516 964 614 1005 haec
640 965 739 1017 regi
759 963 908 1005 adhuc
938 976 1042 1004 cum
1069 963 1191 1004 omni
1221 975 1460 1016 procerum

196 1029 452 1083 frequentia
487 1030 765 1079 convivanti,
798 1029 1085 1082 mittiturque
1119 1041 1149 1071 a
1182 1029 1325 1070 latere
1360 1027 1461 1083 ejus

199 1095 473 1149 Ranulphus
515 1096 571 1137 de
608 1095 870 1138 Glanevilla
907 1096 1035 1148 regni
1073 1100 1359 1149 procurator,
1391 1094 1462 1136 vir

197 1167 359 1215 potens
385 1166 432 1202 et
462 1162 678 1215 prudens,
699 1175 801 1203 cum
838 1161 941 1202 aliis
971 1174 1102 1215 aeque
1131 1161 1373 1210 nobilibus,
1410 1164 1462 1201 ut

198 1228 269 1269 vel
291 1227 493 1269 flecteret
517 1228 587 1269 vel
607 1228 822 1270 fraenaret
842 1227 1054 1269 audaces,
1115 1225 1181 1268 At
1195 1227 1242 1268 id
1262 1227 1457 1268 frustra:

198 1294 244 1334 in
277 1298 407 1335 tanto
439 1294 557 1334 enim
582 1294 783 1335 tumultu
817 1293 970 1335 nullus
1005 1306 1162 1335 eorum
1194 1298 1276 1334 aut
1303 1305 1461 1334 vocem

196 1359 474 1400 auscultavit
520 1364 602 1400 aut
640 1359 804 1402 faciem
845 1359 1112 1408 honoravit;
1160 1359 1269 1412 quin
1309 1359 1461 1412 potius

197 1425 416 1467 adversus
443 1425 684 1467 frementes
711 1431 764 1467 ut
792 1426 1016 1467 maturius
1042 1424 1304 1467 recederent
1333 1425 1462 1466 terri-

195 1492 348 1533 biliter
389 1491 788 1534 denuntiaverunt.
874 1491 975 1533 Illis
1013 1492 1156 1545 igitur
1196 1490 1462 1532 effrenatam

198 1558 368 1598 rabiem
388 1557 595 1599 consulte
614 1558 962 1607 declinantibus,
982 1571 1128 1611 usque
1149 1557 1206 1598 ad
1228 1557 1461 1611 sequentis

199 1623 287 1664 diei
328 1623 484 1664 horam
524 1624 772 1665 secundam
815 1624 1061 1666 desaeviere
1102 1623 1377 1677 praedantes,
1418 1628 1465 1664 et

202 1695 309 1730 tunc
335 1689 554 1731 saeviendi
583 1690 729 1743 magis
750 1690 941 1731 satietas
969 1690 1040 1731 vel
1072 1689 1295 1731 lassitudo
1325 1702 1464 1743 quam

202 1755 273 1796 vel
319 1755 433 1796 ratio
483 1755 555 1796 vel
599 1756 854 1797 reverentia
899 1756 1114 1809 principis
1161 1755 1464 1808 praedantium

201 1821 379 1863 sedavit
418 1820 630 1862 furorem.
702 1821 763 1863 Et
801 1821 908 1863 licet
949 1834 1034 1862 rex
1075 1834 1222 1862 novus
1267 1821 1464 1874 ingentis

201 1888 339 1929 animi
366 1891 412 1928 et
434 1886 596 1929 ferocis
619 1888 785 1929 anxius
812 1892 1045 1937 aestuaret,
1075 1885 1204 1928 ‘in’2
1241 1887 1464 1929 infinitam

202 1958 355 1995 tamen
398 1952 646 1995 ‘reorum'³
692 1953 1028 1996 multitudinem
1070 1966 1274 1995 censurae
1326 1953 1464 2006 regiae

202 2020 406 2073 vigorem
441 2032 532 2061 non
571 2020 791 2068 exercuit,
836 2021 944 2074 quia
982 2020 1095 2061 illud
1144 2025 1244 2061 erat
1285 2018 1465 2060 difficile

200 2086 337 2127 immo
371 2086 524 2138 potius
562 2086 852 2138 impossibile.
933 2085 1111 2127 Judaeis
1152 2091 1321 2135 tamen,
1360 2090 1466 2139 post

203 2151 394 2200 cladem,
427 2164 585 2203 pacem
617 2151 765 2192 edicto
793 2152 1025 2203 sanxivit3
1077 2165 1170 2205 qua
1201 2157 1356 2193 tamen
1388 2151 1466 2192 diu

203 2217 351 2269 gavisi
371 2229 461 2257 non
491 2221 610 2258 sunt.

534 2347 599 2389 De
616 2346 778 2389 Judaeis
797 2347 915 2403 apud
933 2347 1133 2388 Lemnam.

271 2439 390 2480 Sane
427 2439 513 2480 iste
547 2440 593 2481 in
627 2439 818 2481 Judaeos
847 2439 987 2489 zelus,
1023 2452 1114 2480 non
1149 2438 1331 2492 quidem
1364 2437 1469 2479 fidei
1487 2448 1653 2474 A.1>.1190-

204 2505 283 2546 sed
309 2506 460 2558 potius
487 2505 616 2554 lucri,
648 2505 894 2546 Londoniis
922 2517 1156 2554 accensuS,
1182 2503 1470 2546 vehementer

204 2571 476 2613 excanduit:
514 2571 853 2613 arbitrabantur
884 2571 1004 2612 enim
1032 2571 1230 2613 audaces
1251 2575 1299 2611 et
1318 2570 1470 2623 cupidi

253 2719 263 2739 ¹
288 2721 298 2738 ‘
310 2720 510 2761 severitate‚’
522 2719 620 2752 MSS.
630 2719 819 2752 Coll.Arm.
903 2717 916 2736 ²
937 2720 1103 2760 Supplied
1117 2720 1201 2751 from
1218 2719 1292 2751 MS.
1309 2720 1433 2752 Lansd.

204 2768 271 2800 and
286 2767 375 2800 Cott.
390 2767 466 2799 Tib.
903 2764 916 2783 ²
940 2766 949 2784 ‘
967 2763 1105 2807 eorum,'
1122 2766 1197 2799 MS.
1216 2766 1341 2798 Lansd.

1487 2493 1525 2518 At
1537 2492 1626 2539 ann.
