1844 3198
398 583 660 626 INCIPIT
694 586 897 628 LIBER
937 587 1209 630 PRIMUS.

160 715 220 757 Et
244 718 399 770 primo,
435 719 484 760 de
518 721 655 762 Causa
689 735 818 776 quare
857 720 1085 763 Willelmus
1118 721 1293 772 Nothus,
1329 723 1432 764 Con-

402 791 572 838 quaestor
588 786 754 836 scilicet,
776 786 978 842 Anyliam
1003 787 1192 842 appetiit.

202 933 217 939 ²
247 928 357 986 *gf*
425 927 467 969 T
490 929 663 970 sciatur
678 928 808 981 origo
829 940 980 969 causae
1004 941 1148 982 quare
1163 928 1425 970 Willelmus
1454 945 1627 974 A.D.1048.

179 968 212 1047 33-
242 974 325 1026 βω
365 975 404 1047 V?
455 994 652 1035 Bastard
682 993 901 1047 Angliam
933 994 1055 1035 bello
1087 995 1297 1048 appetiit,
1322 995 1422 1036 bre·
1440 999 1627 1060 Rvigffl‘fflff‘

192 1051 200 1105 ἶ
379 1012 415 1096 A
449 1060 568 1100 viter
587 1060 846 1113 subscripta
865 1064 1146 1113 repetantur.
1218 1060 1336 1101 Orto
1357 1060 1422 1101 in·
1439 1043 1640 1126 {gffggdssffss’

186 1152 193 1159 „
258 1158 261 1161 .
343 1091 413 1154 ss
447 1131 516 1166 ter
548 1139 701 1178 regem
734 1125 918 1179 Angliae
953 1125 1228 1166 Edwardum
1263 1131 1310 1167 et
1345 1139 1421 1168 co·
1634 1119 1640 1125 ’

156 1191 311 1231 mitem
360 1190 538 1232 Cantiae
583 1190 890 1232 Godowinum
940 1191 1072 1244 gravi
1115 1191 1321 1241 discidio,
1365 1205 1420 1234 eo

153 1256 273 1309 quod
293 1269 445 1297 comes
465 1257 766 1298 Bononiensis
788 1256 1080 1306 Eustachius,
1099 1257 1177 1310 qui
1192 1269 1395 1298 sororem
1407 1257 1419 1281 ¹
1435 1272 1559 1299 Eustace
1576 1275 1608 1299 or

155 1322 275 1374 regis
316 1322 531 1363 Edwardi
561 1322 774 1372 duxerat,
811 1322 1093 1364 Doverniam
1127 1323 1269 1372 venit,
1301 1324 1417 1365 mari
1436 1306 1588 1339 ⁸⁰⁰¹⁰⁸¹¹⁹'

153 1387 364 1438 transito,
388 1388 464 1429 ubi
504 1388 710 1429 homines
746 1388 819 1429 sui
856 1401 939 1442 pro
966 1387 1176 1441 hospitiis
1208 1388 1414 1430 rixantes

150 1453 476 1495 interfecerunt
518 1467 656 1495 unum
696 1454 752 1495 de
787 1454 978 1503 civibus,
1007 1458 1054 1495 et
1089 1466 1208 1495 unus
1245 1455 1412 1496 civium

151 1532 292 1560 unum
312 1532 370 1560 ex
403 1520 623 1566 militibus
653 1520 749 1560 suis
776 1519 1033 1571 interemit3
1078 1524 1269 1574 propter
1289 1522 1412 1574 quod

148 1586 295 1627 iratus
325 1599 478 1627 comes
514 1586 713 1627 furorem
744 1586 951 1627 exercuit
979 1585 1025 1626 in
1052 1586 1176 1627 viros
1205 1591 1252 1628 et
1279 1587 1411 1628 muli-

149 1663 247 1692 eres
264 1651 466 1705 ejusdem
487 1652 704 1702 civitatis,
725 1651 880 1705 plures
896 1654 908 1673 ‘
921 1651 1184 1705 perimendo
1194 1649 1224 1672 '²
1239 1651 1411 1704 gladio,

147 1722 193 1757 et
229 1730 359 1758 senes
394 1722 440 1759 et
478 1717 697 1771 parvulos
736 1730 955 1770 equorum
997 1717 1189 1770 pedibus
1224 1718 1409 1759 concul-

146 1783 306 1824 cando.
397 1783 533 1834 Quod
576 1783 780 1824 videntes
823 1783 946 1824 cives
996 1788 1296 1824 cucurrerunt
1350 1784 1408 1825 ad

147 1861 288 1898 arma,
306 1854 352 1890 et
372 1849 627 1891 resistendo
639 1853 652 1871 ‘
666 1848 879 1890 viriliter'
894 1846 910 1870 ³
925 1861 1004 1889 eos
1020 1848 1067 1889 in
1086 1848 1243 1901 fugam
1256 1853 1402 1891 verte-

143 1919 265 1963 runt,
285 1915 532 1968 peremptis
561 1928 620 1957 ex
652 1915 717 1956 eis
742 1925 826 1955 vn.
861 1914 1095 1968 personis;
1130 1914 1218 1967 ipsi
1252 1919 1404 1957 autem

144 1980 201 2021 ad
224 1993 377 2034 regem
411 1986 708 2035 properantes
728 1981 786 2021 ab
815 1993 869 2022 eo
892 1980 1091 2033 suscepti
1112 1985 1247 2022 sunt:
1281 1981 1403 2033 quod

144 2046 333 2087 audiens
371 2060 523 2088 comes
563 2046 849 2089 Godowinus
884 2059 1026 2099 grave
1055 2044 1197 2095 tulitf·
1226 2051 1273 2087 et
1299 2059 1404 2087 con·
1423 2058 1488 2084 Ean
1505 2059 1622 2084 coam„

143 2117 336 2164 gregato
376 2114 582 2154 exercitu
626 2113 683 2154 de
727 2113 949 2154 comitatu
990 2125 1089 2161 suo,
1131 2111 1306 2153 scilicet
1346 2112 1403 2153 de
1421 2093 1621 2157 ffineffbmffl'

141 2176 323 2228 Cantia,
345 2178 672 2228 Suthsaxonia,
692 2178 1050 2225 westsaxoniam
1085 2182 1131 2218 et
1151 2177 1272 2218 filius
1292 2191 1403 2219 suus

140 2243 471 2297 primogenitus
507 2244 730 2299 Sweynus
770 2244 825 2285 de
860 2243 1081 2285 comitatu
1117 2256 1217 2293 suo,
1252 2243 1297 2284 id
1333 2250 1402 2284 est

138 2308 489 2360 Oxenfordensi,
514 2309 833 2360 Glovernensi‚
855 2308 1199 2358 Herefordensi‚
1221 2307 1402 2349 Somer-

182 2441 191 2459 ¹
215 2442 298 2473 This
312 2443 392 2482 lady
408 2453 479 2474 was
495 2443 607 2482 Goda,
622 2443 751 2483 daugh-
783 2442 900 2473 tuated
916 2441 1035 2472 within
1058 2440 1114 2471 the
1138 2443 1353 2480 government
1367 2441 1406 2471 os

133 2492 184 2520 ter
199 2489 237 2519 of
248 2488 431 2528 AEthelred,
447 2489 513 2519 and
533 2489 599 2520 had
615 2489 751 2520 former-
785 2488 865 2519 Earl
881 2487 1041 2526 Godwin,
1056 2486 1123 2518 and
1143 2486 1196 2517 his
1224 2486 1349 2518 refusal
1365 2490 1399 2517 to

133 2535 168 2575 ly
199 2535 282 2566 been
311 2534 367 2566 the
391 2535 470 2566 wife
495 2534 533 2566 os
560 2534 689 2566 Walter
717 2534 755 2565 of
783 2534 906 2573 punish
930 2533 987 2564 the
1011 2533 1149 2564 citizens
1164 2532 1308 2564 without
1321 2533 1398 2564 trial

134 2582 280 2612 Mantes.
344 2581 492 2612 William
521 2580 560 2612 of
589 2581 750 2612 Malmes-
782 2580 826 2619 by
857 2579 912 2610 the
950 2579 1036 2610 lawe
1065 2578 1102 2609 of
1127 2578 1214 2610 their
1245 2584 1397 2618 country,

133 2628 231 2667 bury,
247 2628 269 2659 i.
287 2630 362 2667 336,
378 2627 430 2659 ed.
449 2626 579 2666 Hardy.
782 2625 969 2665 originated
985 2624 1041 2655 the
1057 2624 1193 2663 disputo
1204 2624 1287 2655 with
1305 2625 1397 2664 King

179 2671 192 2690 ²
212 2675 222 2691 ⁴
240 2673 436 2712 puniendo,’
452 2673 527 2704 MS.
546 2672 633 2704 Cott.
649 2672 725 2703 Tib.
784 2671 943 2702 Edward.
1008 2670 1156 2702 william
1180 2670 1219 2701 of
1237 2670 1397 2702 Malmes-

181 2718 308 2750 ³‘totis
320 2716 470 2759 viribus:
484 2719 558 2751 MS.
571 2718 659 2750 Cott.
671 2718 746 2749 Tib.
783 2718 879 2757 bury,
904 2718 927 2749 i.
956 2719 1039 2755 3373
1063 2716 1142 2748 Sax.
1170 2715 1294 2748 Chron.
1322 2719 1396 2757 16³,

179 2764 190 2782 ⁴
211 2766 282 2797 The
308 2769 397 2797 town
424 2766 462 2797 of
475 2765 588 2797 Dover
602 2774 674 2796 was
705 2765 748 2795 si·
786 2767 860 2805 164,
875 2764 929 2796 ed.
947 2763 1088 2795 Gibson.

1148 2828 1165 2850 n
1189 2822 1209 2850 2
