1866 3186
466 282 688 313 wilm-nm
722 283 784 312 DE
816 283 1190 314 HEMlNGBURGH.
1359 271 1443 312 141

184 387 330 427 crucis
353 386 524 428 Christi
545 392 639 428 tam
659 386 806 428 multa
832 387 1132 440 possiderent,
1154 400 1257 428 cum
1278 387 1367 440 ipsi
1387 386 1445 427 ad
1480 395 1647 454 {ug-aff&-

186 454 302 494 tanti
334 453 505 494 itineris
534 453 736 494 laborem
767 459 977 507 sumptus
1009 467 1099 495 non
1129 453 1346 494 haberent
1368 466 1446 493 ne·
1465 447 1608 510 „4242ae
1620 446 1652 507 οξ

186 519 437 569 cessarios3
485 519 759 560 arbitrantes
791 532 900 572 ergo
935 520 1204 573 obsequium
1246 531 1295 560 se
1330 531 1447 573 prae-
1465 517 1608 543 ‘hehst-

188 590 311 626 stare
360 585 460 626 Deo
503 586 542 625 si
584 584 739 626 hostes
779 585 880 639 ejus
923 587 1208 639 impeterent,
1257 597 1450 638 quorum

189 651 317 691 bonis
338 650 588 699 inhiabant,
607 650 826 692 audacter
845 652 1073 693 irruerunt
1092 652 1139 692 in
1160 663 1251 698 eos,
1273 651 1451 692 nemine

191 717 331 757 tantis
358 729 407 757 se
435 717 621 757 ausibus
648 722 920 770 opponente.
990 717 1112 758 Caesi
1139 720 1246 756 sunt
1277 715 1453 769 aliquot

190 795 250 822 ex
290 782 483 831 Judaeis,
528 783 682 823 caeteri
727 795 833 822 vero
872 781 1061 823 ‘intra’¹
1103 781 1343 822 castellum
1383 794 1454 821 re-

192 849 313 901 cepti
361 860 483 900 aegre
533 852 806 888 evaserunt:
852 847 1089 901 praedones
1144 853 1299 888 autem
1349 859 1452 887 cum

192 915 263 954 sui
284 914 433 967 operis
454 913 759 954 emolumento
786 914 1009 965 abierunt,
1032 912 1276 966 nullusque
1297 925 1453 953 eorum

192 985 377 1033 propter
427 979 513 1020 hoc
552 979 704 1021 studio
750 979 1001 1033 disciplinae
1046 980 1184 1032 regiae
1238 979 1455 1021 sustinuit

193 1047 504 1099 quaestionem.

553 1149 658 1190 Item
677 1148 795 1204 apud
813 1149 1091 1190 Lincolniam.

260 1252 271 1269 ‘
290 1247 627 1289 Lincolnienses
676 1260 785 1288 vero
835 1247 1073 1289 audientes
1129 1247 1286 1300 qualia
1333 1246 1456 1287 circa
1475 1270 1656 1297 mmmm,

191 1314 223 1355 J
230 1314 384 1354 udaeos
420 1318 681 1366 agerentur,
713 1313 998 1354 occasionem
1036 1314 1160 1354 nacti
1191 1318 1237 1354 et
1267 1313 1457 1354 animati

195 1380 432 1432 exemplis,
469 1379 640 1432 aliquid
671 1378 929 1420 audendum
976 1379 1223 1428 duxerunt,
1264 1384 1310 1419 et
1349 1392 1456 1420 con—

194 1446 368 1499 globati
418 1446 464 1486 in
513 1445 828 1486 cohabitantes
877 1444 907 1485 J
912 1444 1067 1486 udaeos
1124 1449 1252 1486 motu
1306 1445 1458 1485 subito

196 1516 479 1552 exarserunt.
549 1510 695 1552 Porro
729 1510 759 1552 J
763 1510 882 1551 udaei
914 1523 1084 1564 pavore
1119 1515 1165 1551 et
1203 1511 1346 1552 exitio
1374 1510 1455 1551 ali-

197 1591 326 1618 orum
346 1577 572 1618 cautiores
591 1576 764 1627 effecti;
795 1577 955 1629 paucis
967 1577 1207 1617 discrimen
1228 1577 1456 1630 expertis;

198 1644 243 1683 in
274 1642 569 1683 munitionem
597 1642 769 1694 regiam
807 1655 910 1682 cum
942 1642 1146 1695 pecuniis
1177 1646 1356 1683 mature
1386 1655 1457 1683 se-

198 1707 484 1750 cesserunt.'²

574 1800 681 1841 Item
700 1799 818 1855 apud
838 1798 1087 1842 Eboracum.

267 1899 438 1941 Verum
483 1898 846 1940 Eboracensibus
878 1911 969 1940 non
1013 1904 1161 1940 metus
1194 1899 1461 1940 ferocissimi
1479 1911 1616 1940 Atym,

200 1966 429 2020 principis,
463 1978 553 2006 non
586 1966 719 2018 vigor
755 1965 924 2018 legum,
959 1978 1050 2006 non
1084 1964 1219 2015 ratio,
1253 1978 1344 2006 non
1377 1965 1460 2005 hu·
1481 1944 1632 1971 Marchw'

198 2033 394 2073 manitas
433 2031 628 2081 obstitit,
668 2031 910 2084 quominus
950 2031 1093 2072 exitio
1136 2031 1336 2084 generali
1375 2031 1461 2072 tol-

199 2098 400 2139 lerentur
452 2096 619 2138 Judaei.
690 2096 1045 2138 Eboracensium
1099 2102 1253 2138 autem
1302 2096 1461 2138 Judae-

202 2176 331 2205 orum
362 2162 452 2204 duo
481 2162 614 2215 primi
641 2161 767 2203 fuere
799 2162 1074 2204 Benedictus
1107 2167 1154 2203 et
1182 2166 1195 2185 ‘
1213 2162 1243 2204 J
1247 2161 1462 2211 ocenus,’³

202 2229 404 2270 homines
443 2227 786 2281 locupletissimi
830 2232 877 2268 et
917 2227 1009 2268 late
1046 2228 1349 2269 foenerantes:
1402 2228 1462 2268 hii

201 2295 292 2336 duo
319 2294 377 2335 ad
402 2294 742 2335 coronationem
772 2293 892 2345 regis
923 2294 1181 2347 pompatice
1215 2294 1462 2346 proceden-

202 2367 287 2409 tes,
333 2361 380 2400 in
423 2359 638 2401 conflictu
680 2359 928 2400 Londoniis
974 2371 1076 2399 cum
1123 2359 1301 2399 caeteris
1346 2359 1463 2399 exti-

202 2430 381 2467 terunt:
415 2438 608 2478 quorum
643 2424 720 2466 ille
761 2424 1053 2473 Benedictus,
1094 2424 1245 2477 plagis
1279 2424 1464 2478 imposi-

202 2493 276 2540 tis,
302 2490 668 2543 comprehensus,
695 2495 747 2531 ut
775 2495 966 2531 mortem
1000 2489 1199 2530 differret
1232 2489 1463 2531 Christum

254 2625 261 2644 ¹
285 2628 294 2644 ‘
312 2626 421 2666 infra‚'
434 2626 534 2658 MSS.
548 2626 633 2658 Coll.
644 2625 739 2658 Arm.
750 2625 816 2657 and

204 2674 292 2705 Cott.
306 2673 382 2704 Tib.
900 2669 912 2688 ³
950 2672 961 2688 ‘
976 2673 1185 2713 Jocelinus‚’
1223 2673 1297 2706 MS.
1342 2673 1467 2707 Lansd.

247 2717 261 2738 2
282 2719 365 2750 This
393 2718 519 2749 section
550 2718 579 2748 is
611 2717 749 2749 omitted
785 2718 819 2748 in
853 2718 1070 2759 throughout.

205 2766 279 2796 MS.
297 2765 383 2797 Con.
400 2764 494 2796 Arm.
