1866 3186
442 277 667 308 WALTEm
703 277 763 306 nn
795 278 1172 310 HEMINGBURGH.
1352 268 1440 310 209

172 385 218 422 et
238 393 466 423 armorum
497 382 690 436 gloriam
730 388 776 425 et
812 384 994 426 laudem
1030 385 1313 435 affectantes,
1335 399 1436 439 pro-
1470 394 1637 454 ἓίοὖιεῗῗῶ-

172 447 357 488 visionis
390 449 709 491 ecclesiasticae
736 450 934 492 edictum
966 464 1113 504 usque
1150 452 1198 492 in
1232 465 1435 505 praesens
1499 447 1505 453 ⁴
1548 447 1554 454 ’
1635 446 1643 454 ’

171 518 556 568 contempserunt.

330 679 538 721 Johannes
558 679 662 735 Reyi
674 694 756 735 per
776 681 960 722 DIatrem
983 681 1269 724 concordatur.

238 811 410 852 Eodem
434 817 638 865 tempore
659 811 690 853 J
694 811 898 853 ohannes
922 811 1064 853 frater
1087 813 1208 866 regis
1231 811 1430 866 Angliae,

169 877 316 930 ruptis
338 882 512 918 naturae
536 878 731 930 legibus,
754 877 852 931 regi
874 878 1157 920 Francorum
1180 879 1429 931 militabat3

169 948 218 983 at
253 943 331 983 ubi
373 948 520 996 captae
560 949 667 985 sunt
711 945 984 985 munitiones
1024 957 1140 998 quas
1180 945 1311 986 fratri
1347 958 1431 987 suo

169 1009 346 1050 absenti
364 1010 675 1051 fraudulenter
693 1010 962 1060 abstulerat,
976 1011 1108 1063 quasi
1124 1010 1236 1051 nihil
1259 1011 1432 1052 habens

170 1075 356 1116 effectus
393 1080 475 1116 est.
553 1075 820 1128 Vidensque
854 1089 936 1117 rex
973 1076 1181 1117 Franciae
1214 1077 1335 1130 quod
1374 1077 1432 1129 ad

168 1141 423 1182 nocendum
443 1141 573 1182 fratri
601 1154 685 1183 suo
715 1141 813 1194 regi
843 1142 1025 1195 penitus
1056 1147 1178 1184 esset
1206 1143 1432 1197 impotens

168 1208 342 1259 sprevit
377 1220 495 1256 eum,
530 1212 749 1260 tanquam
790 1207 846 1248 de
884 1212 1049 1249 caetero
1090 1221 1180 1250 non
1224 1209 1431 1261 indigens

168 1274 381 1325 operibus
405 1274 528 1314 suis:
562 1281 608 1314 et
630 1287 733 1314 cum
756 1273 946 1315 vidisset
969 1287 1072 1314 eum
1096 1274 1429 1327 deprehensum

165 1343 210 1379 et
248 1338 435 1380 fratrem
469 1352 602 1379 suum
641 1339 688 1380 in
720 1340 895 1381 cunctis
934 1344 1295 1393 prosperantem,
1333 1354 1428 1382 me·

164 1404 318 1446 diante
338 1410 499 1454 matre,
516 1405 711 1458 supplex
730 1405 788 1446 ad
810 1405 998 1446 fratrem
1015 1406 1162 1456 rediit,
1183 1411 1229 1448 et
1249 1408 1306 1448 ab
1326 1407 1428 1460 ipso

103 1492 117 1501 κ
165 1471 364 1511 fraterne
403 1476 659 1524 susceptus,
695 1472 736 1512 ei
776 1471 832 1513 de
868 1476 1038 1513 caetero
1075 1478 1238 1515 contra
1274 1485 1425 1525 regem
1446 1489 1546 1515 ptime
1559 1490 1635 1516 John

168 1536 448 1578 Francorum
476 1537 668 1578 fideliter
703 1542 748 1578 et
781 1537 960 1579 fortiter
990 1538 1219 1588 militavit,
1251 1539 1427 1592 priores
1444 1523 1637 1582 ἷῖἷῧῖοῧῗὲεᾱ

166 1615 382 1643 excessus
403 1604 534 1644 novis
558 1601 715 1644 officiis
738 1604 948 1657 expians,
973 1608 1018 1645 et
1038 1604 1288 1645 fraternam
1310 1605 1357 1645 in
1379 1618 1428 1646 se
1446 1590 1517 1614 ‘¹²⁸¹'

165 1669 402 1710 caritatem
427 1669 484 1709 ad
508 1668 691 1722 plenum
716 1669 980 1710 reformans,

498 1840 564 1881 De
583 1840 722 1881 Morte
741 1840 875 1880 Ducis
895 1841 1092 1883 Austrioe.

233 1968 405 2009 Eodem
451 1968 589 2008 etiam
640 1971 861 2020 tempore,
895 1979 998 2007 cum
1040 1979 1122 2007 rex
1167 1966 1426 2019 Anglorum

113 2026 114 2029 ¹
166 2034 408 2088 plusquam
439 2034 599 2086 viginti
626 2045 882 2074 marcarum
910 2032 1054 2073 millia
1083 2032 1188 2074 duci
1224 2032 1428 2075 Austriae

164 2106 485 2154 praeparasset,
531 2111 614 2152 pro
662 2099 929 2140 liberatione
979 2097 1190 2139 obsidum
1239 2111 1426 2140 suorum

164 2165 527 2213 transmittenda,
549 2164 616 2204 illi
646 2176 761 2216 quos
791 2164 936 2204 eidem
964 2163 1069 2204 duci
1090 2163 1269 2205 obsides
1291 2165 1426 2206 dede-

166 2237 236 2272 rat
258 2236 446 2284 repente
470 2229 655 2279 affuere,
678 2229 897 2269 habentes
913 2228 1002 2269 mel
1022 2233 1068 2270 et
1082 2228 1155 2269 lac
1168 2230 1253 2270 sub
1265 2229 1426 2282 lingua

164 2311 264 2347 sua,
301 2297 477 2338 hostem
513 2295 687 2337 scilicet
722 2294 1099 2335 immanissimum
1129 2294 1274 2335 divini
1310 2309 1423 2348 pon·

165 2364 270 2404 dere
278 2362 441 2417 judicii
454 2363 664 2403 obrutum
684 2361 969 2401 nunciantes.
1042 2360 1270 2401 Dicebant
1286 2361 1423 2402 etiam

165 2430 285 2482 quod
321 2435 426 2469 ante
454 2432 643 2468 mortem
676 2427 819 2479 ipsius
857 2430 990 2466 terrae
1023 2439 1119 2466 suae
1151 2426 1423 2479 pestilentiae

165 2495 321 2536 multa:
351 2493 628 2542 acciderant,
658 2491 866 2533 incendia
893 2491 1105 2545 plurima,
1129 2491 1311 2532 siccitas
1343 2492 1422 2532 im-

165 2574 325 2601 mensa
342 2560 629 2601 sterilitatem
646 2571 736 2598 non
750 2557 972 2598 modicam
993 2556 1235 2607 inducens;
1254 2557 1422 2599 fluvius
1440 2569 1578 2628 gveffw
1588 2570 1619 2628 gr

164 2627 301 2667 etiam
341 2625 561 2674 Danubii,
596 2637 704 2664 suos
738 2623 850 2663 fines
886 2622 1127 2671 excedens,
1163 2623 1423 2676 adjacentia
1475 2610 1490 2628 ε
1530 2610 1586 2628 ⁸¹¹⁰
1607 2610 1631 2628 ε’

162 2694 264 2734 loca
286 2706 390 2733 cum
411 2691 584 2743 ingenti
609 2690 841 2731 hominum
862 2690 1004 2730 exitio
1026 2690 1285 2743 occupavit.
1324 2689 1423 2731 Nec

164 2763 423 2800 terruerunt
443 2758 533 2798 ista
555 2770 633 2797 cor
658 2768 851 2808 nequam
880 2760 924 2796 et
949 2768 1156 2805 avarum,
1180 2756 1424 2808 quominus

232 2836 334 2865 VOL.
362 2835 391 2864 1.
1202 2832 1226 2860 P
