1866 3186
431 315 656 346 WAm‘ERI
689 317 751 347 DE
782 317 1157 349 HEMINGBURGH.
1337 307 1423 349 109

159 416 354 458 evadere
374 422 638 471 potuerunt.
701 419 847 462 Erant
871 425 1025 462 autem
1049 421 1096 462 in
1117 420 1197 462 illo
1216 421 1423 462 exercitu
1457 439 1556 472 nem
1570 437 1611 465 ιι.

161 480 253 523 duo
281 482 464 533 fratres,
487 483 725 526 Gilbertus
755 486 930 527 scilicet
959 491 1006 527 et
1032 486 1283 536 Uthredus‚
1315 485 1425 528 Gal-
1459 472 1624 500 *⁹³¹⁷*

161 547 387 589 wadensis
409 550 660 602 provinciae
681 550 870 601 domini,
890 551 1010 592 inter
1033 564 1148 604 quos
1174 555 1280 605 post
1303 564 1426 592 mor-

160 614 253 653 tem
283 615 429 666 patris
459 628 616 656 eorum
646 628 729 656 rex
760 616 927 657 Scotiae
964 616 1278 658 haereditatem
1312 616 1428 658 divi.
1445 647 1586 673 mem„

162 683 314 726 serat;
343 692 501 720 verum
521 679 777 730 Gilbertus‚
797 686 912 722 natu
931 681 1093 735 major,
1116 681 1298 734 paterni
1309 681 1428 735 juris
1445 679 1625 739 ggfflffifn

163 742 424 796 integritate
452 745 711 786 fraudatum
743 758 793 786 se
824 745 998 795 dolens,
1030 746 1216 787 fratrem
1252 758 1431 798 semper

163 808 211 848 in
236 809 371 850 corde
403 822 489 851 suo
513 810 689 859 oderat,
724 823 826 851 cum
852 814 1006 850 tamen
1032 811 1243 864 concepti
1265 810 1432 850 furoris

166 873 386 926 impetum
420 880 570 915 metus
604 875 760 927 regius
795 875 1053 916 cohiberet:
1097 880 1235 928 capto
1277 881 1434 916 autem

166 951 275 990 rege
306 939 528 980 liberatus
550 939 637 980 hoc
664 946 790 981 metu
820 952 929 980 mox
962 940 1095 981 fratri
1123 940 1236 981 nibil
1258 940 1435 982 verenti

168 1016 331 1044 manus
351 1004 525 1058 injecit,
546 1009 592 1045 et
621 1017 711 1045 non
734 1005 930 1057 simplici
951 1018 1062 1046 nece
1083 1005 1163 1046 sed
1187 1005 1436 1046 execrabili

169 1068 274 1110 odio
295 1071 610 1110 excruciatum
623 1070 765 1111 variis
785 1070 1023 1123 suppliciis
1043 1070 1290 1120 interemit,
1313 1070 1437 1111 illico

170 1134 283 1174 fines
313 1134 540 1176 fraternos
566 1135 803 1184 invadens,
828 1140 875 1176 et
901 1136 1109 1176 barbaris
1140 1136 1186 1176 in
1217 1136 1439 1176 barbaros

171 1200 485 1249 saevientibus,
515 1213 607 1240 non
637 1201 816 1241 modica
841 1199 1074 1241 hominum
1103 1205 1284 1253 strages
1317 1199 1441 1241 facta

173 1269 259 1306 est.
341 1265 457 1306 Erat
508 1269 660 1306 autem
708 1265 839 1306 fratri
884 1265 1125 1306 interfecto
1166 1265 1287 1306 filius
1335 1278 1442 1306 acer
1476 1265 1481 1269 '

174 1329 415 1371 Rolandus
445 1330 644 1377 nomine,
667 1331 747 1382 qui
778 1330 936 1371 amicis
967 1330 1172 1383 paternis
1193 1342 1443 1383 cooperan-

174 1395 298 1435 tibus
328 1394 630 1435 debacchanti
661 1399 826 1447 patruo
860 1407 944 1447 pro
975 1395 1150 1435 viribus
1181 1395 1441 1436 resistebat.

176 1460 383 1513 Eratque
425 1464 573 1501 totum
609 1473 803 1512 regnum
845 1459 1012 1501 Scotiae
1055 1460 1310 1510 turbatum,
1343 1460 1444 1500 Deo

177 1525 435 1577 aequissime
468 1525 754 1578 disponente,
786 1530 926 1578 atque
963 1538 1018 1566 ea
1053 1537 1270 1565 mensura
1299 1537 1444 1565 reme·

178 1590 319 1630 tiente
350 1591 568 1643 improbis
599 1603 692 1643 qua
725 1591 815 1643 ipsi
844 1591 990 1631 mensi
1017 1589 1201 1631 fuerant
1225 1590 1443 1637 innoxiis,

178 1660 231 1695 ut
264 1655 344 1707 qui
380 1655 517 1708 paulo
553 1660 660 1696 ante
695 1654 955 1708 Anglorum
994 1655 1196 1707 quietem
1226 1655 1444 1695 turbave-

179 1725 300 1769 rant,
331 1724 377 1760 et
407 1732 561 1761 eorum
595 1721 868 1771 sanguinem
898 1720 1123 1769 sitierant,
1155 1719 1313 1760 ordine
1343 1719 1444 1772 pui-

180 1785 403 1826 cherrimo
424 1798 453 1826 a
475 1785 637 1838 seipsis
659 1786 912 1838 reciperent
933 1784 1165 1826 talionem.

541 1914 631 1955 Rem
656 1914 935 1955 Cantuariam
955 1914 1077 1955 venit.

240 2012 349 2054 Rex
389 2016 544 2052 autem
581 2011 812 2052 Henricus
842 2011 1085 2060 secundus,
1115 2016 1168 2052 ut
1204 2009 1447 2064 praesatum

182 2082 267 2127 est,
295 2076 511 2130 Angliam
539 2077 790 2129 ingressus,
825 2076 1091 2117 recordatus
1122 2081 1193 2117 est
1227 2080 1449 2129 quantum

183 2143 231 2183 in
266 2142 504 2183 ecclesiam
535 2141 913 2182 Cantuariensem
945 2141 1229 2194 deliquisset,
1259 2140 1450 2182 eandem

183 2221 293 2248 mox
326 2205 449 2247 ‘ut’¹
486 2206 722 2259 applicuit,
755 2206 931 2246 concite
966 2206 1093 2255 adiit,
1122 2211 1168 2247 et
1205 2206 1262 2247 ad
1294 2205 1448 2258 sepul·
1467 2237 1619 2268 Thefflng

185 2286 312 2314 crum
365 2271 490 2312 beati
539 2270 729 2311 Thomae
779 2270 978 2323 profusis
1022 2270 1154 2311 vultu
1203 2270 1449 2323 lachrymis
1466 2272 1670 2328 gffiggffiffigg

186 2337 438 2391 capitulum
474 2336 800 2377 monachorum
836 2336 1068 2388 ingressus
1101 2335 1296 2388 propriae
1337 2335 1449 2387 peti·
1465 2335 1622 2362 “flecm-

186 2403 323 2444 tionis
353 2401 589 2450 instantia,
621 2414 650 2442 a
680 2401 858 2442 cunctis
888 2413 970 2452 per
1000 2400 1203 2448 ordinem
1233 2399 1452 2440 fratribus

187 2468 329 2520 virgis
379 2472 448 2507 est
492 2467 563 2506 vir
613 2471 768 2506 tantus
818 2465 1117 2517 corporaliter
1162 2461 1457 2516 castigatuS.²

237 2593 246 2612 ¹
263 2595 273 2611 ‘
288 2592 387 2629 vero‚'
406 2591 480 2622 MS.
497 2591 586 2622 Coll.
602 2591 699 2621 Arm.
841 2593 947 2629 stone,
963 2589 1046 2620 with
1063 2599 1084 2621 a
1099 2599 1165 2629 cup
1181 2599 1349 2630 engraven
1367 2600 1409 2621 on
1433 2591 1459 2621 it

237 2638 334 2670 ’The
343 2636 509 2677 Kinghad
519 2636 630 2667 before
642 2636 709 2666 this
722 2636 807 2666 done
843 2636 911 2666 still
941 2635 1055 2666 marks
1079 2635 1135 2666 the
1160 2639 1236 2674 spot
1259 2635 1383 2674 where,
1405 2645 1460 2667 ac-

190 2695 339 2727 penance
378 2684 429 2714 for
470 2682 526 2713 the
564 2681 808 2720 Archbishop’s
843 2681 981 2720 cording
1004 2684 1038 2711 to
1055 2680 1225 2720 tradition,
1247 2680 1302 2712 the
1325 2681 1461 2711 humili-

191 2731 325 2763 murder
349 2730 383 2760 in
408 2728 463 2759 the
489 2727 718 2758 cathedrales
739 2727 808 2758 Av-
843 2727 936 2766 ating
958 2735 1132 2765 ceremony
1159 2736 1231 2757 was
1261 2726 1461 2765 performed.

192 2776 345 2816 ranches,
357 2775 391 2806 in
404 2773 618 2811 Nom1andy;
642 2772 709 2804 and
720 2781 741 2804 a
753 2773 809 2803 flat
843 2769 1030 2803 Smthard's
1045 2772 1136 2802 Tour
1151 2772 1184 2802 in
1202 2771 1410 2811 Normandy.
