1866 3186
427 287 654 318 WAmssm
689 288 750 317 DE
781 288 1157 319 HEMINGBURGH.
1331 275 1418 317 143

154 390 184 432 J
189 391 317 431 oceni
359 391 523 432 fortem
567 391 748 445 quidem
792 397 838 433 et
885 404 1014 434 arces
1059 404 1150 433 non
1194 389 1416 444 ignobiles
1449 391 1614 451 ξῑὶῑξῆῐξθὲ

154 456 496 510 protendentem
530 457 707 499 fortiter
736 463 1064 512 oppugnatam,
1095 457 1279 499 tandem
1309 469 1418 510 cap·
1433 459 1631 507 ᾗζζξῖζξῖ

153 528 248 563 tam
294 527 340 564 et
388 524 638 578 expilatam
694 525 1002 565 incenderunt.
1087 523 1117 565 J
1121 535 1290 565 ocenus
1334 535 1415 563 au—
1432 515 1481 540 ‘¹¹²
1492 514 1579 540 '‘w''

153 593 245 629 tem
292 589 430 642 paulo
476 595 582 631 ante
627 591 714 632 hoc
756 590 927 632 malum
974 590 1269 644 praesagiens,
1312 601 1416 630 cum

154 667 299 696 uxore
331 661 377 697 et
407 656 510 697 filiis
540 657 587 697 in
618 669 768 698 arcem
800 656 920 709 regis
950 656 1255 709 migraverat:
1291 654 1416 695 simi-

153 720 256 762 liter
291 727 337 763 et
371 723 525 763 caeteri
561 721 592 763 J
596 722 730 771 udaei,
766 722 924 775 paucis
953 721 1011 762 ad
1043 721 1275 762 victimam
1305 720 1416 761 foris

154 788 507 830 remanentibus.
595 788 896 829 Praedonibus
945 791 1098 828 autem
1147 798 1251 827 cum
1300 786 1418 826 tanti

155 866 294 894 ausus
331 853 646 894 emolumentis
680 853 884 907 dilapsis,
919 852 1043 894 facto
1082 865 1217 893 mane
1250 851 1418 904 vulgus

155 920 462 972 promiscuum
495 919 641 968 irruit,
677 919 968 973 diripuitque,
1003 919 1050 959 in
1088 919 1279 960 diversis
1314 930 1417 971 spe-

155 985 323 1035 ciebus,
377 985 644 1039 praedonum
698 985 909 1039 ignisque
964 985 1196 1038 reliquias.
1278 984 1417 1025 Mox-

154 1064 243 1104 que
285 1052 410 1092 nullo
440 1051 611 1105 publici
650 1051 814 1104 rigoris
859 1051 1014 1092 habito
1061 1055 1288 1104 respectu,
1319 1062 1418 1091 ma—

156 1117 316 1159 nifeste
358 1122 404 1158 et
448 1116 635 1170 profusa
690 1117 874 1158 licentia
927 1117 974 1157 in
1023 1129 1100 1158 eos
1149 1115 1420 1158 debacchari

155 1187 420 1236 coeperunt3
463 1196 546 1224 nec
579 1195 734 1224 eorum
768 1182 1036 1224 substantiis
1066 1183 1165 1237 Jam
1202 1182 1419 1231 contenti,

156 1249 332 1290 cunctis
366 1253 500 1290 extra
538 1261 688 1290 arcem
726 1249 936 1299 inventis,
976 1254 1057 1290 aut
1093 1248 1213 1290 sacri
1246 1247 1419 1301 baptis-

158 1316 292 1356 matis
339 1319 420 1355 aut
466 1315 658 1355 extremi
697 1315 968 1355 discriminis
1008 1315 1239 1368 optionem
1282 1313 1418 1355 dede-

156 1385 275 1421 runt.
346 1380 647 1433 Baptizantur
679 1393 788 1422 vero
830 1379 1038 1422 nonnulli
1082 1381 1201 1430 ficte,
1243 1379 1420 1421 caeteris

155 1447 252 1487 sine
276 1446 584 1487 misericordia
609 1446 875 1487 trucidatis:
908 1451 956 1488 et
975 1446 1083 1487 dum
1105 1446 1204 1488 haec
1228 1458 1418 1498 ageren-

154 1518 230 1554 tur
251 1512 494 1553 multitudo
519 1525 622 1565 quae
646 1513 693 1553 in
719 1525 870 1554 arcem
895 1513 1017 1565 regis
1050 1516 1063 1534 ‘
1077 1511 1419 1561 confluxerat,'l

157 1579 204 1619 in
230 1583 331 1619 tuto
363 1591 499 1630 agere
529 1578 796 1620 videbatur:
828 1591 964 1632 porro
993 1579 1111 1619 arcis
1144 1578 1416 1632 praepositus

157 1644 215 1685 ad
260 1644 489 1696 quoddam
523 1643 639 1685 forte
674 1644 906 1697 negotium
935 1657 1160 1697 egressus,
1201 1657 1305 1685 cum
1346 1656 1417 1684 re-

159 1709 288 1763 gredi
327 1709 463 1750 vellet
496 1722 525 1749 a
559 1709 845 1750 multitudine
883 1710 1006 1751 intus
1042 1710 1314 1759 excubante,
1349 1709 1418 1749 in-

161 1781 288 1816 certa
310 1774 409 1829 jam
440 1775 514 1816 cui
545 1787 595 1816 se
625 1775 843 1826 crederet,
874 1788 965 1817 non
992 1780 1061 1817 est
1088 1775 1328 1824 admissus,
1360 1787 1417 1815 ne

160 1841 277 1882 forte
327 1853 442 1894 quos
483 1841 677 1883 tuendos
721 1846 985 1895 susceperat
1025 1841 1231 1883 hostibus
1274 1853 1417 1894 expo-

160 1913 300 1948 neret.
371 1907 458 1948 Ille
488 1920 595 1948 vero
624 1907 872 1961 provinciae
906 1907 1162 1961 praesidem,
1199 1907 1277 1961 qui
1309 1911 1419 1947 tunc

160 1974 218 2014 ob
258 1973 385 2026 regia
427 1973 614 2027 negotia
657 1986 759 2014 cum
817 1973 1074 2027 frequentia
1131 1977 1143 1995 ‘
1163 1973 1358 2014 militum
1376 1972 1386 1988 '
1404 1971 1420 1994 ²

160 2038 334 2088 aderat,
395 2043 408 2061 ‘
430 2039 668 2081 confestim
728 2039 855 2089 adiit,
919 2040 1174 2081 commissae
1216 2039 1304 2080 sibi
1345 2051 1419 2080 ar-

161 2105 225 2145 cis
276 2104 484 2146 custodia
527 2117 576 2145 se
626 2118 655 2146 a
698 2104 728 2146 J
733 2105 875 2146 udaeis
917 2105 1179 2146 fraudatum
1218 2117 1418 2158 conque-

160 2170 294 2211 rens!
312 2169 327 2191 ³
427 2170 700 2223 Indignatus
757 2183 928 2224 praeses
987 2170 1221 2212 infremuit
1248 2183 1261 2222 3
1328 2170 1420 2211 illis

161 2236 361 2276 maxime
411 2236 489 2288 qui
538 2235 864 2290 conjurationis
914 2240 1123 2277 auctores
1171 2237 1422 2277 extiterant

161 2315 264 2343 eum
296 2301 702 2351 inflammantibus,
737 2307 876 2355 atque
911 2303 957 2343 in
993 2302 1161 2343 domini
1196 2302 1319 2354 regis
1351 2301 1420 2341 in-

155 2368 325 2421 juriam
355 2367 441 2409 hoc
467 2368 618 2421 ipsum
648 2368 901 2409 redundare
931 2367 1250 2420 allegantibus,
1311 2366 1340 2407 J
1347 2378 1422 2407 us-

161 2434 222 2474 sit
264 2446 373 2486 ergo
414 2445 583 2486 praeses
625 2434 870 2475 convocari
910 2433 1144 2487 populum,
1180 2444 1423 2486 arcemque

161 2498 442 2552 oppugnari:
475 2499 677 2540 excurrit
710 2499 1006 2541 irrevocabile
1041 2499 1245 2547 verbum,
1278 2498 1423 2551 plebis

209 2654 216 2674 ¹
243 2655 252 2672 ‘
276 2651 491 2694 confugerat:
508 2654 584 2686 MS.
602 2653 727 2685 Lansd.
856 2650 872 2671 ⁸
905 2653 915 2669 ‘
947 2651 1119 2683 confestim
1158 2660 1193 2682 se
1232 2650 1426 2682 fraudatum

208 2699 221 2719 ²
243 2700 515 2741 ‘provincialium
524 2699 774 2739 militum‚'MS.
811 2707 1016 2738 conquerens
1027 2697 1068 2729 de
1085 2697 1239 2729 custodia
1255 2707 1343 2729 arcae
1360 2697 1429 2728 sibi

166 2748 288 2779 Lansd.
811 2743 1022 2783 commissae,'
1039 2744 1115 2775 MS.
1133 2743 1258 2775 Lamd.
