1866 3186
468 309 693 340 WALTERI
727 309 789 339 DE
821 309 1195 340 HEMINGBURGH.
1408 299 1467 341 93

199 413 387 455 clericos
416 426 524 454 suas
557 413 709 467 posuit
731 413 872 467 leges,
897 414 1141 467 inquibus
1171 413 1329 467 utique
1352 414 1468 466 pub·
1501 423 1662 483 pegma.

200 479 301 521 licae
330 479 525 534 justitiae
557 479 703 521 zelum
739 479 914 530 habuit,
949 480 1030 521 sed
1068 480 1221 522 fervor
1247 479 1466 521 immode-
1531 477 1536 482 '
1574 475 1580 482 '
1661 473 1697 493 ’·

199 546 343 586 ratior
381 546 563 587 modum
606 546 820 588 excessit.
891 546 1096 597 Extunc,
1129 545 1468 588 contradicente

200 610 381 653 Thoma
419 611 778 665 archiepiscopo,
823 612 893 653 ira
941 613 1063 665 regis
1113 611 1377 662 excanduit,
1423 615 1470 653 et

201 677 344 719 crevit
379 678 427 718 in
466 678 752 728 immensum,
788 682 924 731 prout
955 678 1003 719 in
1042 678 1140 720 vita
1172 678 1316 731 ipsius
1355 677 1470 719 satis

202 748 346 796 patet.

461 841 681 883 Walcenses
708 841 880 883 seovmdo
910 839 1218 883 rebellaverunt.

270 940 405 982 Anno
443 941 564 993 regis
601 941 794 982 Henrici
824 951 896 982 1x.
918 940 1179 982 Wallenses
1213 939 1472 993 petulanter
1487 954 1566 981 A.1).
1579 956 1654 981 1163.

203 1012 339 1059 rupto
359 1007 547 1056 foedere,
561 1007 795 1048 obsidibus
814 1020 996 1060 quoque
1013 1019 1129 1060 quos
1145 1006 1191 1047 in
1207 1006 1342 1047 fidem
1362 1019 1471 1059 pac·
1487 1005 1549 1064 ξίξζ
1558 1005 1688 1068 ssvssgs

204 1078 355 1114 torum
376 1073 596 1115 dederant
619 1073 821 1126 periculo
842 1074 1078 1127 expositis,
1100 1072 1273 1114 vicinos
1294 1071 1472 1125 Anglo-

206 1153 307 1180 rum
327 1139 439 1180 fines
459 1140 643 1181 turbare
663 1143 914 1192 coeperunt.
974 1139 1109 1180 Unde
1130 1151 1230 1188 rex,
1251 1138 1474 1179 immenso

207 1206 412 1247 exercitu
456 1205 673 1256 adunato,
714 1205 914 1247 hostium
959 1205 1071 1246 fines
1111 1206 1348 1258 ingressus
1388 1208 1477 1254 est,

206 1272 330 1324 ipsos
361 1272 563 1313 fraenatis
585 1272 852 1313 excursibus
872 1271 939 1312 ita
958 1276 1171 1313 coartans
1192 1274 1205 1293 ‘
1218 1268 1470 1320 inclusos,''
1488 1281 1540 1306 but
1552 1287 1599 1306 are
1611 1281 1660 1306 de-

207 1342 259 1378 ut
296 1351 456 1391 pacem
484 1338 696 1379 meditari
721 1342 767 1379 et
795 1337 946 1379 facere
975 1341 990 1360 ‘
1005 1335 1330 1391 cogerentur.'2
1398 1336 1472 1378 Ex
1489 1314 1663 1385 {effifi'ueffi

207 1403 317 1456 ipsis
357 1417 466 1457 ergo
504 1404 719 1445 recedens
760 1403 1090 1454 transfretavit,
1137 1403 1333 1444 filiorum
1374 1415 1476 1456 pro·
1493 1408 1642 1466 {8132151333

209 1470 398 1511 motioni
436 1475 482 1511 et
519 1470 729 1512 ditationi
763 1470 1032 1512 intendens:
1076 1470 1246 1524 quippe
1282 1482 1342 1510 ex
1377 1467 1477 1510 Ali-
1494 1475 1609 1500 Ἐπωπε-

210 1549 364 1586 enora,
401 1540 413 1558 ‘
433 1535 704 1590 quondam’³
750 1536 1031 1588 Francorum
1076 1537 1236 1590 regina
1279 1539 1480 1590 quatuor
1495 1538 1691 1598 fflffg‘ss'ff‘-

211 1602 316 1643 filiis
350 1603 615 1655 procreatis,
651 1602 903 1644 Henricum
940 1606 1051 1644 natu
1096 1603 1316 1658 majorem
1350 1601 1480 1655 regni
1495 1605 1697 1665 ffignghffiogffi

213 1667 398 1721 Anglici
420 1673 465 1710 et
485 1669 679 1710 ducatus
702 1668 1004 1710 Normannici
1022 1681 1125 1710 cum
1150 1668 1479 1721 Andegavensi

214 1735 435 1776 comitatu
462 1747 773 1776 successorem
795 1734 1067 1789 relinquere,
1092 1734 1343 1776 Ricardum
1367 1747 1478 1775 vero

215 1799 495 1854 Aquitaniae,
544 1805 591 1842 et
630 1800 889 1842 Galfridum
932 1800 1186 1842 Britanniae
1228 1800 1478 1854 praeficere,

214 1867 464 1920 cogitabat.
547 1866 776 1919 Quartum
816 1872 929 1909 natu
966 1867 1220 1917 minimum,
1251 1867 1479 1909 Joannem

215 1933 404 1983 scilicet,
433 1932 685 1974 Sine-terra
720 1931 1096 1986 ‘agnominans.'⁴
1148 1933 1263 1974 Tres
1297 1945 1480 1986 quoque

216 2013 276 2041 ex
316 2000 474 2042 eadem
512 1999 686 2041 habens
732 1999 865 2050 filias,
897 2012 1036 2040 unam
1081 2000 1180 2052 regi
1220 1998 1480 2053 Hispaniae,

216 2066 406 2108 alteram
441 2066 546 2107 duci
580 2066 813 2116 Saxoniae,
852 2065 1110 2119 despondit,
1146 2066 1328 2108 tertiam
1365 2078 1479 2106 non-

217 2133 324 2173 dum
347 2132 546 2173 nubilem
568 2131 666 2185 regi
688 2132 855 2173 Siciliae
884 2145 969 2174 suo
995 2136 1200 2186 tempore
1222 2144 1482 2185 comparem

218 2199 424 2240 daturuS.
493 2198 779 2240 Britanniam
814 2211 923 2240 vero
964 2198 1029 2239 sic
1068 2198 1163 2240 filio
1198 2211 1283 2240 suo
1319 2197 1482 2251 adqui-

218 2265 342 2307 sivit.

530 2357 806 2400 Britanniam
827 2357 1057 2414 adquisivit
1079 2358 1182 2398 Rem.

289 2457 495 2510 Contigit
526 2458 646 2498 enim
670 2453 935 2498 Conanum⁵
964 2456 1176 2497 comitem
1203 2454 1484 2496 Richemun-
1502 2463 1666 2489 :mn-1¹⁶9-

270 2575 278 2593 ¹
303 2574 312 2590 ‘
324 2573 494 2613 iuchisos‚'
510 2573 585 2605 MS.
602 2573 689 2604 Coll.
706 2573 800 2604 Arm.
915 2571 928 2590 ⁵
970 2572 1086 2604 Conan
1113 2572 1144 2603 le
1172 2572 1273 2604 Petit.
1342 2571 1398 2603 On
1429 2571 1485 2603 the

269 2617 282 2638 ²
305 2621 314 2637 ‘
328 2619 550 2658 conarentur‚'
600 2620 700 2651 MSS.
748 2619 835 2651 Coll.
870 2618 970 2649 death
989 2618 1027 2649 os
1039 2618 1210 2657 Geoffrey,
1225 2618 1303 2649 who
1319 2617 1386 2649 had
1403 2619 1486 2650 been

222 2668 316 2698 Arm.
334 2666 399 2697 and
416 2666 503 2697 Cott.
519 2666 594 2697 Tib.
871 2665 993 2696 chosen
1017 2665 1061 2704 by
1076 2665 1131 2695 the
1148 2665 1286 2695 citizens
1308 2664 1346 2695 of
1359 2665 1489 2696 Nautes

271 2711 284 2731 ³
305 2718 315 2731 ⁴
329 2717 362 2744 et
399 2712 591 2752 quondam,’
635 2711 712 2744 MS.
751 2711 837 2744 Coll.
872 2721 910 2742 as
925 2711 1012 2742 their
1027 2711 1111 2750 iord,
1129 2711 1245 2750 Hem-y
1256 2711 1325 2742 laid
1341 2711 1439 2742 claim
1455 2714 1489 2742 to

223 2759 318 2792 Arm.
873 2758 925 2788 his
945 2758 1154 2797 possessione
1178 2767 1216 2788 as
1240 2767 1282 2789 an
1298 2757 1490 2797 hereditat-y

273 2804 284 2822 ⁴
308 2804 588 2845 ‘cognominanss
605 2803 815 2837 MS.Lansd.
874 2804 974 2845 right,
998 2804 1063 2836 and
1091 2804 1235 2836 invaded
1265 2804 1440 2845 Brittany3
1470 2813 1492 2835 a
