1866 3186
183 366 281 396 Henry
294 365 318 390 1.

165 399 198 423 A.
211 399 244 423 D.
259 398 330 423 1107.

152 626 278 656 eelibacy
289 625 321 650 of

151 660 200 684 the
211 659 303 690 clergy

150 692 288 724 enjoined.

177 2737 209 2761 Λ.
226 2736 258 2763 D.
275 2737 347 2761 1105.

363 239 421 281 38
852 250 1131 282 canonicon

365 355 691 408 rumpebantur
727 353 798 395 vel
828 355 1173 408 respuebantur,
1207 354 1370 396 statuit
1399 358 1450 394 ut
1475 352 1628 394 nullus

366 420 578 462 denarius
608 419 681 461 vel
705 418 882 469 obolus,
922 432 1036 472 quos
1070 425 1117 461 et
1149 419 1366 462 rotundos
1401 432 1500 475 esse
1525 419 1628 474 jus-

366 478 442 535 sit,
473 490 555 527 aut
585 486 722 527 etiam
762 484 992 538 quadrans
1027 486 1204 539 integer
1240 490 1361 526 esset
1399 486 1438 526 si
1473 485 1627 537 aliqua

367 551 570 593 fractura
608 551 655 592 in
693 551 758 592 eis
797 555 1074 602 remaneret3
1125 551 1173 591 in
1211 564 1302 604 quo
1343 550 1626 616 sacto-mag—

368 631 476 658 num
505 618 657 658 evenit
685 616 968 658 commodum
1004 618 1090 658 toti
1118 629 1274 670 regno.
1362 616 1629 658 Statuerunt

369 684 507 725 etiam
546 682 874 736 archiepiscopi
923 687 968 724 et
1011 683 1212 736 episcopi
1261 695 1363 723 cum
1403 682 1539 732 clero,
1578 687 1630 722 ut

368 749 636 803 presbyteri,
670 749 863 798 diaconi,
903 748 1183 798 subdiaconi,
1213 753 1337 789 caste
1371 748 1545 797 vivant,
1584 751 1632 788 et

368 815 558 856 feminas
589 815 636 855 in
670 814 878 855 domibus
909 815 1003 856 suis
1034 827 1124 856 non
1158 815 1370 864 habeant,
1391 814 1478 855 nisi
1516 812 1631 854 forte

367 882 414 922 in
458 881 668 934 proxima
710 881 1103 935 consanguinitate
1144 880 1244 935 conj
1253 884 1426 929 unctas,
1474 892 1633 920 secun-

369 946 476 987 dum
511 945 632 999 quod
663 945 856 987 Nicaena
886 946 1085 1000 synodus
1113 945 1348 994 diffinivit;
1381 950 1427 986 et
1456 946 1495 986 si
1521 945 1632 986 duo-

369 1013 455 1053 bus
500 1016 582 1053 aut
635 1012 780 1053 tribus
823 1011 1039 1065 legitimis
1087 1012 1281 1053 testibus
1327 1016 1408 1052 aut
1451 1010 1634 1064 publica

370 1077 747 1131 parochianorum
790 1077 913 1118 fama
957 1078 1192 1119 convictus
1232 1077 1368 1118 fuerit
1406 1078 1509 1130 quis
1548 1077 1634 1117 hoc

370 1147 596 1184 statutum
625 1142 838 1193 violasse,
872 1143 1088 1197 purgabit
1124 1156 1174 1184 se
1213 1143 1439 1197 adjunctis
1467 1142 1636 1184 ordinis

373 1210 443 1250 sui
472 1222 626 1250 secum
654 1208 826 1250 idoneis
846 1209 1054 1259 testibus,
1079 1220 1143 1250 vl.
1168 1210 1207 1250 si
1229 1209 1467 1263 presbyter
1486 1208 1636 1257 fuerit,

374 1275 412 1316 si
448 1275 665 1316 diaconus
698 1285 780 1324 IV„
812 1275 851 1316 si
874 1275 1178 1317 subdiaconus
1210 1285 1280 1325 11.‚
1301 1275 1379 1328 qui
1404 1279 1558 1316 autem
1591 1274 1638 1314 in

374 1341 644 1394 purgatione
677 1340 907 1390 defecerit,
946 1341 1083 1396 hujus
1121 1341 1239 1382 sacri
1278 1341 1441 1382 statuti
1481 1353 1636 1382 cense-

373 1407 498 1448 bitur
525 1406 735 1447 violator.
806 1405 1070 1460 Presbyteri
1105 1412 1257 1448 autem
1289 1407 1366 1460 qui
1396 1406 1537 1448 divini
1571 1406 1638 1447 al-

376 1472 488 1513 taris
520 1476 566 1513 et
601 1472 769 1513 ordinis
800 1472 871 1513 sui
903 1474 1021 1514 sacri
1055 1477 1388 1526 contemptores
1419 1473 1639 1522 existunt,

375 1537 691 1591 praeeligentes
724 1551 827 1578 cum
869 1538 1132 1580 mulieribus
1166 1539 1385 1587 habitare,
1421 1551 1450 1579 a
1487 1538 1640 1579 divino

377 1602 522 1645 officio
548 1604 725 1654 remoti,
740 1604 950 1658 omnique
976 1594 1284 1646 ecclesiastico
1309 1604 1527 1646 beneficio
1550 1604 1641 1657 pri-

379 1669 489 1718 vati,
536 1674 671 1710 extra
707 1669 894 1710 chorum
926 1675 1167 1723 ponantur,
1199 1675 1246 1712 et
1276 1674 1546 1711 censeantur
1573 1671 1640 1710 in-

379 1735 552 1786 fames;
603 1735 682 1788 qui
733 1748 840 1777 vero
892 1736 1073 1778 rebellis
1114 1737 1332 1786 extiterit,
1372 1741 1419 1777 et
1459 1735 1642 1776 missam

381 1800 608 1842 celebrare
627 1801 980 1854 praesumpserit,
999 1802 1057 1843 ad
1072 1802 1427 1843 satisfactionem
1444 1806 1644 1851 vocetur,

382 1879 519 1919 quam
565 1867 604 1907 si
648 1879 738 1907 non
779 1866 936 1908 fecerit
984 1868 1427 1909 excommunicetur:
1487 1867 1643 1908 eadem

383 1932 520 1972 etiam
561 1933 785 1973 sententia
821 1937 976 1974 teneat
1008 1938 1054 1974 et
1087 1933 1199 1986 liget
1229 1932 1568 1974 archidiaconos
1599 1939 1644 1975 et

384 1997 624 2038 canonicos
656 2010 825 2038 omnes.
907 1998 936 2039 J
941 1999 1138 2040 urabunt
1168 1999 1304 2040 etiam
1342 1999 1646 2040 archidiaconi

384 2062 506 2116 quod
526 2063 764 2116 pecuniam
785 2076 875 2104 non
894 2065 1116 2118 accipient
1135 2077 1219 2118 pro
1239 2064 1475 2106 toleranda
1498 2069 1645 2106 trans-

383 2128 615 2181 gressione
653 2127 790 2183 hujus
839 2131 1001 2171 statuti
1042 2130 1250 2180 salubris,
1294 2144 1375 2172 nec
1418 2131 1649 2184 patientur

385 2194 676 2248 presbyteros
707 2207 822 2248 quos
853 2196 1001 2237 sciunt
1032 2196 1222 2238 feminas
1252 2196 1418 2237 habere
1441 2196 1512 2237 vel
1537 2210 1643 2237 can-

386 2265 485 2301 tare
516 2260 678 2301 missas
699 2260 771 2301 vel
793 2261 985 2302 vicarios
1012 2275 1094 2315 pro
1125 2275 1173 2302 se
1193 2263 1491 2303 constituere:
1525 2263 1646 2302 simi-

387 2325 490 2366 liter
503 2325 726 2379 jurabunt
746 2331 792 2367 et
811 2326 970 2368 decani
987 2340 998 2368 2
1031 2327 1151 2380 quod
1173 2328 1211 2368 si
1231 2327 1389 2381 jurare
1409 2327 1647 2377 noluerint,

388 2390 802 2432 archidiaconatum
836 2397 881 2433 et
911 2392 1180 2434 decanatum
1204 2393 1406 2446 perdant.
1477 2393 1648 2434 Eodem

389 2469 507 2497 anno
546 2457 591 2497 in
624 2457 940 2508 Barucschire,
977 2459 1023 2499 in
1054 2459 1155 2500 loco
1192 2459 1270 2511 qui
1303 2459 1467 2500 dicitur
1501 2459 1647 2500 Ham-

390 2522 532 2571 stede,
545 2523 680 2566 ‚visus
705 2528 775 2565 est
803 2536 832 2565 a
851 2523 1006 2565 multis
1028 2525 1212 2578 sanguis
1237 2525 1293 2565 de
1314 2530 1435 2566 terra
1455 2524 1648 2566 effluere.

411 2636 498 2677 Rex·
526 2638 813 2691 transfretavit
838 2638 883 2679 in
903 2638 1226 2687 Nor-manniam,
1251 2644 1287 2679 et
1306 2638 1410 2692 cepit
1433 2638 1633 2679 Comitem.

458 2726 590 2769 Anno
632 2729 813 2771 Domini
856 2741 1000 2770 ΜΕΝ.
1049 2743 1129 2770 rex
1172 2730 1399 2771 Henricus
1440 2744 1650 2783 magnam
