1866 3186
430 273 656 306 WAL'PERI
690 274 752 304 DE
784 274 1158 306 HEMINGBURGH.
1335 263 1423 306 223

157 389 265 417 num
295 382 516 428 vestrum,
551 382 602 419 ut
630 379 750 419 enim
774 390 879 432 quae
913 378 1025 420 mihi
1050 378 1123 421 vel
1154 378 1310 420 intulit
1346 379 1420 422 vel

157 442 341 484 molitus
373 449 442 485 est
472 444 596 485 mala
625 445 847 486 oblivioni
881 445 1124 487 tradantur
1163 458 1311 500 usque
1361 445 1420 487 ad

157 511 332 551 unum?
366 510 502 552 Certe
534 512 592 552 ab
625 511 813 552 Oriente
845 510 1023 552 rediens
1048 516 1094 553 et
1119 511 1332 553 detentus
1362 513 1421 554 ab

155 575 430 629 imperatore
451 580 462 598 ‘
478 575 800 618 Theutonico'¹
823 583 1035 630 respectu
1056 578 1196 631 regiae
1214 590 1421 632 personae

156 642 339 683 mollius
360 644 593 684 tractabat
623 648 669 684 et
700 656 804 684 cum
826 643 1005 685 decenti
1031 643 1233 694 honore;
1265 656 1421 697 super-

157 708 343 749 veniens
381 714 535 750 autem
570 709 657 750 iste
680 709 891 750 dominus
912 714 1066 751 vester
1087 709 1218 763 quasi
1249 710 1296 750 in
1315 722 1421 751 ves-

156 787 263 827 pere
294 788 397 815 cum
435 775 709 828 imperatore
732 779 909 816 secreto
928 775 1175 826 tractavit3
1207 779 1254 815 et
1288 774 1421 829 cujus

157 840 222 881 rei
269 841 421 893 gratia
461 841 651 890 venerit,
687 844 733 881 et
771 840 893 893 apud
928 839 1251 894 imperatorem
1286 845 1421 882 nocte

157 905 268 959 quid
302 906 459 959 egerit,
490 910 709 960 expertus
741 919 843 947 sum
874 919 1027 956 mane,
1062 910 1320 960 aggravata
1350 912 1421 948 est

158 972 278 1013 enim
299 986 438 1026 super
461 986 533 1014 me
553 985 716 1014 manus
739 972 1044 1026 imperatoria
1069 977 1290 1026 tantoque
1310 986 1421 1014 mox

159 1043 375 1080 oneratus
415 1051 516 1080 sum
556 1039 675 1080 ferro
708 1043 930 1092 quantum
978 1051 1122 1091 equus
1154 1039 1228 1080 vel
1263 1039 1421 1080 asinus

159 1104 276 1145 ferre
298 1105 378 1146 vix
414 1110 584 1158 posset.
652 1104 683 1146 J
690 1109 791 1146 uste
830 1117 941 1157 ergo
973 1104 1202 1146 decernite
1238 1105 1422 1158 qualem

159 1170 370 1211 dominus
407 1176 559 1213 vester
594 1170 760 1213 habere
796 1170 1048 1213 custodiam
1088 1170 1254 1213 debeat
1297 1171 1420 1224 apud

160 1250 248 1286 me,
266 1237 344 1289 qui
360 1237 499 1278 talem
519 1237 630 1278 mihi
647 1236 755 1278 fecit
778 1237 900 1290 apud
917 1237 1200 1278 detentorem
1222 1237 1421 1278 meum.''

161 1302 326 1344 Clerici
345 1316 454 1344 vero
494 1303 554 1344 ad
589 1302 675 1344 hoc
708 1315 800 1344 non
834 1302 1053 1344 habentes
1081 1303 1190 1356 quid
1219 1302 1423 1345 dicerent

157 1368 366 1410 frustrati
389 1369 596 1423 abierunt
617 1381 627 1410 :
660 1368 903 1410 bellicosus
923 1369 1080 1422 itaque
1099 1368 1310 1422 pontifex
1325 1381 1420 1410 ser-

157 1435 353 1476 vabatur
373 1435 420 1475 in
435 1434 631 1477 vinculis
655 1439 702 1476 et
723 1434 1009 1476 tractabatur
1023 1435 1081 1476 ab
1106 1434 1312 1476 hostibus
1335 1434 1420 1476 mi-

158 1501 250 1542 tius
283 1505 296 1522 ‘
313 1500 468 1542 forte’2
503 1513 642 1555 quam
675 1505 920 1551 meruerat,
959 1499 1040 1542 sed
1084 1500 1221 1555 plane
1260 1500 1421 1542 durius

158 1579 296 1619 quam
340 1566 530 1609 decebat
579 1567 873 1621 episcopum:
905 1566 1218 1620 interpellavit
1264 1571 1420 1608 autem

159 1646 240 1686 per
282 1645 390 1674 suos
432 1633 692 1674 Romanum
731 1632 992 1686 pontificem
1030 1637 1082 1674 ut
1122 1633 1419 1676 ecclesiastici

158 1699 330 1751 vigoris
349 1699 572 1740 instantia
591 1699 862 1740 liberaretur
892 1698 947 1739 de
978 1698 1188 1740 manibus
1210 1698 1419 1740 detento-

158 1765 250 1812 ris;
285 1765 365 1806 sed
410 1765 486 1806 ille
527 1777 732 1806 summus
770 1763 978 1818 pontifex
1020 1764 1270 1817 prudenter
1310 1777 1419 1806 con-

159 1831 364 1872 siderans
385 1831 507 1884 quod
529 1844 612 1872 rex
632 1829 891 1883 Anglorum
912 1830 1173 1884 episcopum
1194 1843 1286 1872 non
1306 1843 1422 1883 prae-

159 1896 387 1938 dicantem
431 1896 511 1939 sed
560 1896 851 1950 proeliantem
899 1896 1108 1950 cepisset,
1139 1900 1186 1937 et
1223 1896 1422 1949 rigidum

159 1963 306 2016 magis
326 1962 505 2005 hostem
539 1976 679 2017 quam
711 1962 951 2016 pacificum
973 1962 1219 2015 praesulem
1248 1966 1423 2005 teneret

158 2029 205 2070 in
227 2029 440 2079 vinculis,
452 2034 505 2071 ut
519 2030 723 2071 vinctum
743 2028 975 2070 relaxaret
993 2028 1061 2069 illi
1083 2028 1302 2070 molestus
1322 2041 1423 2070 esse

159 2095 321 2145 noluit,
352 2095 432 2136 sed
470 2095 782 2148 interpellanti
811 2095 1041 2148 sapienter
1067 2099 1114 2135 et
1135 2094 1328 2136 discrete
1351 2107 1420 2135 re-

160 2160 345 2213 spondit
387 2161 700 2214 improperans
745 2159 868 2214 quod
911 2159 1164 2201 secularem
1213 2160 1422 2201 militiam

159 2226 479 2268 ecclesiasticae
501 2226 796 2280 praetulisset,
817 2229 863 2266 et
896 2238 980 2279 pro
1006 2225 1171 2266 baculo
1202 2226 1424 2278 pastorali

160 2292 383 2342 lanceam,
405 2305 489 2346 pro
516 2293 654 2333 mitra
689 2291 884 2345 galeam,
906 2304 990 2344 pro
1014 2291 1119 2331 alba
1142 2291 1346 2341 loricam,
1378 2297 1424 2332 et

162 2358 371 2412 clypeum
410 2372 493 2412 pro
531 2358 668 2407 stola,
702 2357 987 2411 sumpsisset,
1020 2360 1066 2397 et
1096 2355 1299 2410 gladium
1334 2356 1423 2397 ser-

162 2437 288 2465 reum
326 2437 409 2477 pro
441 2423 596 2477 gladio
629 2424 833 2477 spiritus,
854 2421 975 2476 quod
1006 2427 1078 2463 est
1100 2423 1289 2463 verbum
1320 2422 1424 2463 Dei.

165 2490 448 2543 Negansque
490 2502 539 2531 se
569 2502 652 2543 pro
690 2502 744 2530 eo
775 2489 929 2530 vincto
966 2488 1293 2541 imperaturum
1327 2488 1425 2540 regi

165 2554 437 2607 Anglorum,
476 2555 556 2596 sed
597 2559 850 2609 opportune
885 2553 1252 2607 supplicaturum
1291 2553 1425 2607 polli-

213 2757 220 2776 ¹
246 2759 255 2776 ‘
270 2755 440 2799 Romano}
459 2758 535 2790 MS.
554 2757 678 2789 Lansd.
787 2755 794 2801 Ι
861 2755 874 2773 ²
896 2757 1048 2790 Omitted
1063 2758 1098 2789 in
1115 2758 1191 2791 MS.
1208 2757 1298 2792 Cott.
1312 2758 1390 2791 Tib.

1458 385 1582 412 aiebas-d
1595 386 1621 412 1.

1454 420 1490 445 A.
1500 420 1534 444 D.
1545 419 1620 445 1197.
