1866 3186
393 253 452 295 46
881 264 1155 295 οΗΒοΝιοοΝ

194 378 311 436 Augur?¹
320 378 349 436 ¹13,
395 370 595 422 positum
619 382 648 410 a
674 373 774 411 toto
797 369 991 411 concilio
1013 369 1378 419 commendatur3
1410 368 1648 419 iratusque

222 429 228 436 ’
266 430 271 436 ’
352 431 358 437 ’
394 448 477 476 rex
504 435 742 477 interdixit
763 435 805 475 ei
828 434 1023 476 reditum
1053 435 1098 476 in
1122 448 1299 476 omnem
1323 431 1647 475 dominationis

393 514 489 542 suae
519 501 697 542 locum:
741 505 846 554 post
880 500 1107 542 modicum
1134 513 1243 542 vero
1277 499 1494 553 temporis
1522 497 1647 539 venit

177 574 236 632 ἓξ
250 573 347 632 Kiing’s
394 566 616 608 Kalixtus
654 579 777 620 papa
809 565 1095 620 Gysortium,
1131 565 1208 607 ubi
1241 565 1440 607 occurrit
1479 564 1520 605 ei
1561 575 1644 604 rex

176 615 323 697 gisssvtffg
392 633 642 682 Henricus,
665 637 713 674 et
734 633 998 687 impetravit
1026 645 1054 673 a
1086 645 1207 685 papa
1230 636 1282 673 ut
1314 631 1537 672 neminem
1565 629 1643 670 ali-

201 680 260 705 ⁰pe'
391 699 575 752 quando
604 698 809 751 legatum
838 699 886 739 in
914 698 1129 751 Angliam
1153 698 1355 739 mitteret
1387 708 1470 737 nec
1499 694 1646 737 officio

389 764 532 817 legati
562 764 690 817 fungi
713 764 1011 818 permitteret,
1034 764 1122 805 nisi
1154 763 1407 816 postularet
1430 761 1517 803 hoc
1547 761 1646 814 ipse

390 843 474 871 rex
514 830 754 871 occasione
795 829 990 884 alicujus
1033 829 1230 883 querelae
1268 841 1371 882 quae
1413 841 1494 881 per
1527 826 1646 880 epis-

390 907 530 949 copos
551 895 734 948 Angliae
755 895 989 936 terminari
1013 908 1103 937 non
1123 900 1295 948 posset.
1350 893 1645 946 Rogavitque

389 974 511 1014 papa
549 974 702 1014 regem
747 961 999 1002 Thurstino
1045 961 1403 1014 archiepiscopo,
1441 958 1520 1000 sed
1553 971 1643 999 non

389 1027 587 1068 obtinuit
620 1027 701 1067 illa
730 1028 845 1076 vice,
874 1039 956 1068 rex
984 1027 1102 1067 enim
1127 1027 1348 1067 assentire
1372 1025 1535 1074 noluit,
1558 1024 1645 1064 nisi

387 1092 718 1146 subjectionem
754 1104 891 1146 quam
933 1092 1291 1146 praedecessores
1331 1091 1402 1132 sui
1446 1080 1645 1131 fecerant

387 1158 591 1200 ecclesiae
626 1157 948 1200 Cantuariensi
979 1157 1116 1200 vellet
1147 1163 1193 1199 et
1229 1158 1327 1212 ipse
1350 1156 1526 1208 facere3
1564 1155 1644 1197 sed

386 1225 572 1266 omnino
590 1224 838 1266 recusavit.

473 1348 486 1367 ‘
498 1344 796 1387 concordata&
814 1343 826 1365 ¹
848 1349 904 1386 est
924 1345 1013 1386 Rem
1036 1357 1126 1385 oum
1141 1344 1247 1399 Reqe
1265 1343 1542 1384 Francorum.
1590 1396 1599 1405 .

168 1456 337 1481 A.D.1120.
467 1441 603 1484 Anno
638 1443 823 1484 Domini
859 1453 1034 1485 M.cxx.
1076 1455 1156 1483 rex
1200 1441 1431 1483 Henricus
1474 1446 1520 1483 et
1561 1455 1642 1483 rex

169 1499 259 1557 ἷζξέξ
271 1501 344 1565 ῗξῇἕ,
388 1507 667 1550 Francorum
700 1509 975 1559 Lodovicus‚
1005 1513 1164 1549 mutuo
1195 1521 1243 1549 se
1272 1508 1493 1557 videntes,
1534 1520 1641 1549 con-

167 1565 234 1590 land
254 1567 309 1591 and

169 1598 283 1624 mme-
384 1575 560 1616 cordati
597 1580 720 1616 sunt.
790 1574 1063 1628 Susceperat
1097 1574 1213 1615 enim
1253 1574 1378 1627 prius
1421 1573 1642 1626 quosdam

387 1639 758 1682 Normannorum
792 1646 1030 1693 magnates
1065 1641 1148 1693 qui
1177 1652 1203 1680 a
1238 1639 1325 1680 fide
1360 1639 1480 1693 regis
1517 1639 1641 1681 Hen-

384 1706 464 1747 rici
508 1707 786 1756 deciderant,
831 1706 1028 1760 fecitque
1059 1705 1320 1748 Willelmus
1362 1705 1483 1747 filius
1520 1706 1640 1759 regis

384 1771 576 1813 Henrici
598 1772 861 1826 homagium
894 1773 991 1825 regi
1014 1772 1221 1813 Franciae
1245 1785 1328 1825 pro
1355 1771 1640 1813 Normannia

383 1850 521 1890 quam
543 1838 731 1880 dederat
752 1839 793 1878 ei
823 1842 971 1891 pater,
995 1843 1042 1879 et
1072 1838 1137 1879 sic
1167 1838 1252 1878 sub
1271 1837 1351 1878 illo
1375 1838 1495 1890 cepit
1518 1837 1640 1879 Nor-

382 1904 577 1945 manniae
613 1904 934 1957 principatum.
1006 1903 1112 1944 Rex
1133 1915 1242 1944 vero
1274 1902 1504 1944 Henricus
1542 1916 1637 1944 om-

382 1969 514 2010 nibus
546 1969 603 2010 ad
629 1973 788 2010 votum
817 1969 1015 2022 peractis
1041 1969 1139 2023 jam
1166 1969 1301 2010 laetus
1331 1969 1468 2010 immo
1489 1969 1638 2010 laetior

379 2034 517 2076 solito
552 2034 758 2085 effectus,
789 2035 976 2088 expleto
1012 2034 1110 2088 jam
1146 2035 1310 2088 quinto
1341 2034 1637 2088 profectionis

165 2113 332 2151 Hgnrysets
380 2113 476 2141 suae
519 2113 656 2150 anno,
697 2101 862 2142 iterum
908 2101 953 2141 in
999 2100 1214 2154 Angliam
1264 2101 1408 2142 multo
1453 2101 1637 2155 navigio

164 2146 347 2205 ffiffissffior
380 2166 625 2208 revehitur.
706 2167 766 2208 Et
811 2166 920 2220 quia
963 2166 1044 2208 filii
1087 2167 1156 2208 sui
1201 2179 1356 2208 curam
1398 2166 1639 2219 diligenter

165 2212 302 2243 mmmm
379 2233 564 2284 agebat,
597 2233 914 2286 assignaverat
953 2233 994 2273 ei
1034 2245 1197 2274 navem
1232 2245 1324 2285 qua
1356 2232 1484 2273 nulla
1514 2233 1638 2274 vide-

378 2299 515 2339 batur
534 2299 707 2348 melior,
729 2299 824 2348 sed,
846 2303 898 2339 ut
919 2303 1111 2340 eventus
1136 2298 1349 2347 ostendit,
1375 2298 1502 2339 nulla
1524 2298 1634 2339 infe-

377 2364 519 2405 licior.
582 2364 723 2406 Patre
762 2365 880 2406 enim
919 2369 1167 2417 praeeunte,
1206 2364 1344 2418 paulo
1380 2364 1554 2405 tardius
1589 2370 1635 2406 et

378 2430 602 2472 infelicius
648 2431 926 2484 sequebatur
970 2430 1122 2478 filius;
1175 2443 1293 2471 nave
1337 2430 1501 2471 etenim
1544 2444 1633 2471 non

378 2495 514 2548 longe
546 2509 574 2537 a
610 2501 731 2538 terra
765 2497 932 2550 posita,
962 2509 1065 2537 cum
1103 2496 1148 2537 in
1187 2497 1287 2550 ipso
1323 2496 1470 2537 noctis
1504 2497 1634 2538 initio

378 2566 560 2613 portum
583 2561 764 2615 Angliae
787 2561 1123 2616 apprehendere
1144 2567 1431 2611 conarentur,
1455 2575 1561 2602 mox
1586 2562 1631 2601 in

378 2627 477 2678 ipso
510 2628 826 2669 velificationis
864 2629 1036 2681 impetu
1071 2641 1209 2681 super
1243 2626 1455 2680 scopulos
1500 2631 1632 2667 terrae

728 2762 736 2780 ¹
762 2764 772 2781 ‘
787 2763 997 2803 Coronatus,'
1009 2764 1082 2795 MS.
1099 2763 1185 2795 Coll.
1200 2763 1294 2795 Arm.
