1866 3186
496 285 723 316 WAL'rssm
757 285 818 316 DE
849 284 1227 317 namucno-non.
1395 274 1482 317 197

218 384 419 427 indicens
444 386 635 429 ‘hostile
659 385 960 441 propositum’
978 384 991 407 ¹
1013 385 1289 429 declaravit:
1321 386 1480 440 displi-

219 452 403 506 cuitque
434 467 507 495 res
537 455 639 507 ipsa
668 453 934 507 imperatori
963 457 1011 494 et
1039 453 1135 494 suis
1165 453 1391 494 nobilibus
1421 466 1476 494 eo

221 518 342 570 quod
372 520 626 561 inauditum
664 524 710 561 et
749 519 1012 560 indecorum
1044 519 1178 560 valde
1207 519 1269 560 sit
1301 519 1475 561 homini

219 584 374 626 vincto
420 591 466 628 et
510 587 583 627 sui
625 586 808 640 penitus
848 586 1010 638 impoti
1050 585 1219 626 bellum
1260 586 1476 636 indicere,

218 651 491 706 scripsitque
514 653 556 694 ei
588 653 835 706 imperator
863 651 1165 705 supplicando
1194 655 1246 693 ut
1276 664 1305 693 a
1334 652 1478 693 vincti

219 717 355 758 rebus
379 719 649 772 quiesceret,
667 723 713 760 et
727 718 887 759 saltem
913 729 1060 770 usque
1083 717 1140 758 ad
1163 722 1346 771 tempus
1370 721 1383 739 ‘
1400 730 1476 759 so-

216 781 455 825 lutionis’2
485 785 532 825 in
561 797 675 839 pace
704 787 924 825 maneret.
995 783 1141 824 Porro
1161 795 1243 823 rex
1265 783 1476 825 Franciae

217 861 307 890 non
353 850 668 904 adquiescens,
701 851 793 891 imo
832 849 1068 903 promissis
1105 849 1368 901 ingentibus
1403 849 1476 891 vel

215 917 559 969 coaequantibus
582 917 655 958 vel
678 916 1004 958 excedentibus
1024 927 1247 956 summam
1269 928 1296 957 a
1318 916 1475 958 vincto

215 983 501 1034 promissam,
535 983 855 1037 imperatorem
882 982 1080 1024 tentavit
1102 995 1392 1035 corrumpere
1422 987 1476 1024 ut

215 1048 406 1089 eundem
441 1049 643 1091 vinctum
684 1049 771 1090 sibi
809 1048 988 1090 cautius
1031 1048 1234 1089 traderet
1272 1047 1473 1089 custodi-

216 1114 397 1165 endum,
419 1115 625 1169 allegans
657 1114 874 1156 mundum
909 1115 1119 1168 componi
1153 1127 1244 1155 non
1270 1126 1407 1167 posse
1434 1115 1474 1155 si

216 1184 371 1222 tantus
391 1182 601 1224 turbator
622 1182 917 1235 irrumperet:
950 1187 1321 1234 congregatoque
1342 1193 1473 1222 exer-

214 1246 309 1287 citu
350 1248 507 1288 statim
543 1248 714 1289 invasit
750 1247 1100 1296 Normanniam‚
1138 1251 1184 1288 et
1220 1246 1474 1288 Gisortium

215 1313 366 1354 nobile
403 1314 642 1354 castellum
683 1313 887 1355 custodis
926 1313 1071 1366 ipsius
1104 1313 1362 1366 proditione
1403 1326 1473 1354 re-

215 1379 352 1432 cepit,
383 1384 429 1420 et
458 1379 515 1420 ad
553 1380 645 1420 alia
682 1379 872 1421 castella
905 1391 954 1420 se
984 1378 1216 1420 divertens
1246 1378 1474 1420 neminem

215 1445 498 1487 resistentem
520 1445 707 1487 invenit.
779 1444 987 1499 Cumque
1004 1444 1105 1499 jam
1128 1444 1475 1495 Albemarliam,

216 1509 420 1564 Augum,
446 1517 584 1566 atque
613 1511 706 1553 alia
736 1511 926 1553 castella
956 1510 1154 1564 plurima
1182 1512 1229 1552 in
1261 1511 1362 1566 ejus
1391 1524 1476 1564 po-

217 1582 429 1618 testatem
485 1579 773 1627 transissent,
814 1577 1102 1630 metropolim
1161 1576 1476 1628 Normanniae‚

219 1642 563 1697 Rothomagum
605 1644 797 1693 scilicet,
837 1656 940 1685 cum
975 1642 1182 1684 exercitu
1215 1643 1343 1685 adiit.
1414 1643 1479 1685 At

217 1723 368 1751 comes
401 1709 759 1764 Leycestrensis,
792 1709 870 1763 qui
906 1721 1008 1750 cum
1050 1721 1159 1761 rege
1195 1708 1399 1750 Ricardo
1433 1710 1480 1750 in

217 1776 429 1818 orientali
450 1776 743 1830 expeditione
764 1775 1010 1816 fidissimus
1027 1774 1194 1824 fuerat,
1217 1774 1357 1828 paulo
1373 1780 1480 1816 ante

217 1844 375 1884 urbem
423 1842 657 1896 ingressus
700 1841 875 1883 animos
915 1841 1084 1882 civium
1128 1841 1292 1889 erexit,
1340 1845 1385 1882 et
1428 1846 1480 1882 ut

217 1909 409 1950 viriliter
445 1914 636 1962 agerent
675 1908 858 1961 egregie
898 1907 1146 1948 roboravit.
1211 1906 1316 1948 Rex
1352 1920 1478 1957 vero,

216 1976 327 2017 urbe
347 1989 428 2030 per
448 1975 545 2017 dies
565 1974 741 2028 aliquot
757 1973 928 2015 frustra
948 1978 1217 2027 oppugnata
1232 1978 1277 2014 et
1291 1972 1479 2027 jactura

217 2042 379 2096 majori
395 2046 584 2096 accepta
605 2053 740 2094 quam
762 2041 893 2082 illata
913 2040 1114 2090 recessit,
1131 2044 1177 2081 et
1199 2039 1257 2080 ad
1274 2038 1479 2081 faciliora

218 2109 403 2161 negotia
435 2108 687 2148 exercitum
719 2119 958 2156 revocans,
990 2106 1267 2146 munitiones
1302 2106 1479 2147 nobiles

217 2177 230 2195 ‘
247 2172 416 2227 Pascy'
429 2171 444 2193 ³
460 2178 506 2214 et
526 2177 538 2194 ‘
556 2171 752 2226 Luery’4
775 2172 947 2225 absque
971 2170 1237 2212 difficultate
1253 2171 1477 2213 obtinuit:

219 2244 327 2280 tunc
360 2239 416 2280 ad
448 2238 733 2280 fraenandum
765 2239 983 2291 impetum
1012 2236 1112 2291 ejus
1143 2250 1226 2290 pro
1258 2241 1478 2290 tempore,

216 2305 282 2346 illi
308 2306 385 2359 qui
418 2309 430 2327 ‘
448 2303 620 2346 vices'⁵
652 2304 793 2346 vincti
818 2304 1039 2356 gerebant
1067 2302 1276 2343 inducias
1298 2301 1355 2342 ad
1380 2315 1478 2343 cer-

217 2379 314 2415 tum
337 2378 516 2425 tempus
539 2370 735 2423 ingentis
759 2382 948 2411 summae
965 2369 1175 2422 pactione
1191 2367 1478 2409 redimendas

218 2439 463 2486 duxerunt,
484 2442 529 2478 et
551 2442 749 2490 quatuor
770 2435 957 2476 castella
981 2435 1127 2476 electa
1150 2434 1252 2475 loco
1275 2433 1478 2487 pigneris

216 2504 513 2546 tradiderunt.

267 2637 274 2655 ¹
314 2641 323 2656 ⁴
343 2638 495 2669 hostilem
545 2636 718 2675 animum,'
755 2635 832 2667 MS.
914 2634 927 2652 ⁴
952 2635 961 2652 ⁴
976 2634 1100 2674 Lueri‚'
1126 2634 1201 2664 MS.
1219 2633 1345 2665 Lansd.
1362 2644 1371 2672 ;
1391 2636 1400 2651 ‘
1418 2634 1483 2665 Lu-

219 2686 344 2718 Lansd.
865 2681 967 2721 ercy‚’
985 2681 1060 2712 MS.
1078 2679 1166 2712 Coti.
1183 2679 1258 2712 Tib.

265 2730 279 2750 ²
302 2731 467 2770 Supplied
484 2730 565 2760 from
584 2728 661 2759 MS.
679 2727 803 2759 Lansd.

267 2777 280 2796 ³
302 2779 311 2795 ‘
325 2777 450 2816 Pasci‚'
468 2776 542 2807 MS.
560 2775 682 2806 Lansd.
914 2771 926 2789 ⁶
952 2777 960 2791 ‘
972 2773 1049 2812 res‚’
1066 2773 1141 2804 MS.
1159 2772 1284 2804 Lunsd.

1518 399 1643 427 aicham
1657 401 1681 428 1.

1511 435 1546 460 A.
1557 435 1592 460 D.
1607 436 1683 461 119³.

1495 1196 1598 1221 Enters
1613 1196 1684 1221 Nor-

1495 1230 1609 1261 mandy,
1622 1230 1678 1254 and

1493 1263 1574 1294 gains
1586 1269 1695 1294 posses-

1493 1296 1555 1322 tion
1567 1296 1598 1321 os
1611 1302 1697 1327 many

1493 1329 1604 1356 castles.
