1866 3186
538 294 764 326 WALTEm
798 295 860 325 DE
891 295 1268 326 HEMlNGBURGH.
1443 286 1527 328 187

262 399 386 448 dum,
417 398 495 439 sed
527 398 702 440 viribus
734 399 888 452 potius
930 399 1280 441 resistendum.’'
1343 399 1526 442 Placuit
1565 411 1689 437 mebard
1702 412 1726 436 1-

263 478 372 518 ergo
416 465 515 518 regi
560 464 801 506 consilium
841 465 1060 515 sobrium,
1096 471 1143 507 et
1188 465 1364 507 vocatis
1409 480 1524 507 nun·
1559 445 1726 470 A'mm'

263 531 361 580 ciis,
392 531 512 572 dixit
554 536 605 572 ut
648 531 773 572 aliud
804 535 1028 584 peterent,
1065 531 1172 572 dum
1211 537 1363 573 tamen
1401 533 1524 574 aliud

263 597 373 649 quid
409 597 628 648 haberent
663 596 710 637 in
745 597 998 639 mandatis:
1041 597 1109 639 illi
1146 611 1255 640 vero
1286 598 1527 652 expirante

264 663 483 716 petitione
533 662 695 716 prima,
749 662 905 704 decem
952 662 1095 704 millia
1145 676 1400 705 marcarum
1452 677 1526 705 ar·

264 729 390 781 genti
435 729 689 783 petierunt;
732 728 902 782 quibus
947 741 1048 778 rex,
1089 732 1118 751 “
1138 729 1413 770 Petitionem
1457 729 1526 770 ul-

267 795 426 835 timam
475 799 605 847 grate
655 794 947 847 suscipimus,
989 798 1036 835 et
1088 807 1189 835 eam
1239 794 1527 848 implebimus

266 865 443 901 mature
470 873 554 914 pro
586 859 743 900 voto.”
814 858 973 900 Pactis
1005 872 1115 912 ergo
1142 860 1266 901 initis
1298 866 1343 902 et
1372 873 1527 902 sacra-

268 931 420 967 mento
470 938 499 966 a
546 925 713 978 legatis
764 925 990 978 praestito,
1035 931 1245 967 ornatam
1289 930 1301 948 ‘
1325 939 1528 968 sororem

267 991 429 1042 suam,’
445 991 458 1013 ¹
490 996 542 1032 ut
568 991 738 1041 decuit,
762 1003 871 1032 cum
896 991 1169 1044 quibusdam
1199 991 1437 1034 honoratis
1467 1006 1527 1034 ex

267 1057 363 1098 suis
393 1059 439 1098 in
477 1057 721 1098 Franciam
751 1057 931 1098 direxit.
995 1057 1101 1098 Rex
1133 1063 1287 1099 autem
1320 1058 1528 1100 Franciae

266 1124 464 1164 occurrit
493 1124 558 1164 eis
590 1121 866 1172 Ambianis,2
890 1128 937 1164 et
966 1135 1067 1164 eam
1098 1128 1338 1175 gratanter
1367 1136 1528 1177 accep-

268 1194 386 1238 tans,
433 1189 724 1230 matrimonio
773 1188 1037 1230 solemniter
1089 1194 1344 1239 contracto,
1391 1190 1529 1231 etiam

268 1255 400 1296 thoro
432 1255 684 1308 adaptavit.
746 1254 888 1296 Mane
928 1261 1083 1296 autem
1118 1255 1257 1305 facto,
1296 1255 1531 1309 displicuit

266 1320 354 1363 sibi
382 1321 484 1374 ipsa
513 1321 682 1375 conjux
716 1326 778 1370 et,
809 1326 861 1362 ut
899 1320 1080 1374 fingunt
1110 1322 1309 1374 quidam,
1343 1326 1531 1376 propter

268 1386 517 1427 anhelitum
540 1386 747 1427 foetidum
768 1386 842 1427 vel
866 1386 1085 1428 latentem
1105 1387 1431 1438 infirmitatem,
1457 1388 1532 1429 vel

267 1458 531 1506 corruptam
552 1452 726 1493 invenit
750 1465 887 1505 quam
910 1452 1126 1494 credebat
1149 1453 1400 1506 virginem3
1432 1458 1529 1495 sta-

268 1519 440 1571 timque
470 1518 620 1559 missis
651 1518 708 1559 ad
732 1531 898 1572 papam
931 1519 1125 1569 nunciis,
1156 1519 1402 1560 divortium
1432 1519 1529 1560 fieri

268 1584 534 1637 postulavit.
597 1584 728 1638 Papa
747 1597 854 1625 vero
870 1585 1100 1637 delegavit
1115 1584 1296 1639 judices
1311 1585 1367 1627 de
1388 1598 1530 1638 regno
1546 1593 1664 1620 Obtains
1677 1594 1747 1619 adi-

1546 1634 1628 1652 vorce
1643 1627 1713 1652 from

269 1650 560 1702 postulantis,
583 1650 661 1703 qui
690 1662 774 1690 suo
804 1651 902 1702 regi
933 1649 1140 1691 faventes
1161 1650 1384 1692 affinitate
1416 1651 1529 1691 ima·
1546 1660 1642 1685 herou
1656 1660 1705 1685 the

1546 1694 1609 1725 plea
1620 1693 1651 1718 os
1659 1699 1724 1718 con-

270 1716 443 1768 ginarie
496 1716 753 1769 approbata
801 1728 883 1768 per
926 1716 1183 1757 execrabile
1217 1715 1718 1770 juramentumsanguinity·

268 1781 461 1822 duorum
512 1782 844 1834 episcoporum,
891 1780 1215 1822 Beluacensis³
1266 1782 1441 1823 scilicet
1487 1787 1532 1823 et

269 1852 279 1869 ‘
293 1845 638 1897 Carnotensis‚’⁴
658 1846 903 1888 divortium
920 1847 1221 1888 celebrarunt.
1256 1847 1362 1888 Rex
1378 1853 1531 1889 autem

270 1914 501 1954 Dacorum
527 1910 778 1967 repudiatae
804 1913 974 1954 sororis
1006 1913 1204 1954 dedecus
1235 1926 1357 1966 aegre
1380 1913 1530 1954 serens

269 1979 515 2020 divortium
562 1992 653 2021 non
695 1980 781 2020 rite
825 1979 1103 2020 celebratum
1147 1979 1227 2020 sed
1274 1983 1287 2001 ‘
1307 1980 1530 2021 contami-

270 2043 475 2086 natum'5
497 2045 776 2086 mendaciter
798 2045 844 2085 in
879 2046 1075 2097 gratiam
1100 2045 1221 2098 regis
1249 2045 1531 2086 Francorum

270 2125 350 2164 per
371 2111 658 2164 responsales
679 2111 865 2152 idoneos
883 2111 931 2159 in
952 2111 1185 2152 audientia
1205 2111 1327 2152 sedis
1349 2116 1533 2164 aposto-

269 2178 369 2218 licae
406 2177 651 2229 allegavit3
705 2183 751 2216 ct
793 2175 974 2228 digesta
1015 2177 1371 2230 praecedentium
1416 2182 1529 2218 tem-

319 2311 326 2329 ¹
344 2311 508 2351 Supplied
521 2310 605 2341 from
616 2310 691 2341 MS.
704 2310 792 2341 Cott.
803 2310 879 2341 Tib.
916 2311 1009 2342 vince
1026 2311 1063 2341 of
1084 2311 1109 2340 1³
1111 2320 1222 2350 rauce,
1247 2310 1403 2341 bounded
1418 2320 1461 2340 011
1476 2310 1532 2341 the

316 2357 328 2375 ²
355 2358 505 2396 Aniiens,
532 2357 587 2387 the
613 2356 738 2396 capital
762 2356 800 2387 of
825 2356 880 2386 the
915 2360 1001 2387 west
1021 2357 1137 2395 hythe
1155 2357 1305 2387 Norman
1320 2357 1443 2396 Vexin,
1466 2356 1530 2387 and

268 2406 476 2444 department
490 2403 527 2434 of
548 2403 603 2434 the
619 2404 763 2434 Sommc.
810 2401 881 2432 The
916 2412 991 2433 now
1016 2402 1072 2434 the
1099 2402 1225 2441 capital
1251 2402 1289 2433 of
1314 2402 1369 2433 the
1399 2403 1534 2442 depart-

270 2461 365 2482 name
382 2451 410 2480 is
426 2449 598 2489 supposed
619 2449 662 2488 by
679 2458 768 2479 some
792 2451 825 2479 to
841 2448 881 2478 be
916 2452 1006 2480 ment
1020 2448 1058 2480 of
1068 2448 1123 2479 the
1140 2448 1234 2479 Oise.

270 2508 290 2528 a
306 2496 449 2527 crus-hed
466 2496 547 2526 form
564 2494 602 2525 of
612 2495 667 2526 the
681 2494 793 2525 words
804 2493 882 2524 Am·
963 2515 975 2535 ⁴
997 2516 1007 2534 ι
1020 2514 1266 2554 Οαωοοθῃείβῖ,
1286 2516 1387 2548 MSS·
1406 2516 1530 2548 Lansd.

271 2542 430 2574 Mentibus
445 2541 546 2582 aquis,
561 2551 599 2572 as
621 2541 676 2572 the
700 2541 767 2579 city
786 2540 814 2570 is
839 2540 882 2570 si·
916 2562 982 2593 aud
1006 2562 1095 2594 Cott.
1114 2562 1189 2593 Tib·
1230 2562 1388 2594 Chartres
1423 2572 1444 2593 a
1464 2563 1529 2601 city

271 2589 384 2620 tuated
401 2598 443 2619 ou
459 2587 587 2619 several
601 2586 764 2618 branclies
779 2585 816 2616 of
828 2585 882 2616 the
917 2609 949 2639 in
973 2608 1027 2639 the
1044 2608 1252 2647 department
1267 2608 1304 2638 of
1322 2608 1377 2639 the
1391 2585 1484 2639 'Eure
1500 2612 1533 2640 et

269 2640 412 2688 homme.
451 2634 493 2690 ,It
526 2643 598 2664 was
618 2633 729 2684 fancd
752 2632 796 2671 by
827 2631 882 2662 the
921 2655 1028 2694 boire,
1038 2655 1102 2685 and
1113 2663 1175 2685 one
1185 2654 1223 2685 of
1233 2654 1288 2686 the
1302 2658 1386 2685 most
1401 2655 1534 2686 ancient

270 2685 419 2713 aneients
436 2680 680 2710 sanun-ahma.
918 2705 1025 2731 towns
1042 2701 1074 2731 in
1094 2701 1232 2731 Franco.

316 2731 327 2746 ²⁴
348 2727 527 2765 beauvais,
550 2725 701 2764 formerly
724 2724 777 2754 tlu-
795 2723 886 2754 chief

269 2779 334 2813 city
351 2774 389 2805 of
410 2773 620 2811 Bcauvoisis,
644 2782 663 2802 a
686 2771 782 2801 small
808 2780 879 2809 pro·
900 2790 902 2798 ,
964 2767 976 2785 ὁ
991 2771 998 2785 ‘
1012 2765 1266 2808 continuatumss
1285 2768 1359 2800 MS.
1380 2768 1502 2800 Lansd.
