1866 3186
488 269 715 300 WAL'I'ERI
748 269 809 299 DE
842 269 1215 300 HBMINGBURGH.
1388 258 1474 301 287

1511 458 1610 489 nemy
1625 455 1679 482 111.

254 443 518 497 owfimtio
537 443 672 499 PaPae
692 457 815 499 ὃἪΡΒΫ
839 443 990 485 Cart&
999 443 1227 499 Praedidw
1248 449 1286 485 οὐ
1303 457 1426 499 super
1511 490 1680 517 A.n.1253.

610 509 1055 552 Eoecommunicatione.

279 635 576 677 Innocentius
613 635 702 677 IV.
745 636 1004 689 episcopus,
1042 647 1203 676 servus
1239 648 1478 676 servorum
1494 643 1678 702 {jaggcgtion

213 702 317 751 Dei,
338 702 673 743 venerabilibus
697 701 915 742 fratribus
936 701 1292 754 archiepiscopis
1316 706 1363 742 et
1381 701 1478 754 epi·
1495 684 1694 736 Ignocgntlv·

213 768 364 821 scopis
381 769 509 821 regni
526 767 727 820 Angliae,
743 767 940 808 salutem
961 771 1008 808 et
1022 766 1327 819 apostolicam
1342 767 1479 807 bene-

213 833 470 875 dictionem.
531 833 649 875 Cum
670 846 699 874 a
718 833 850 874 nobis
873 832 1046 885 petitur
1066 831 1189 885 quod
1204 831 1387 885 justum
1407 837 1479 872 est

213 905 260 940 et
275 899 533 949 honestum,
550 905 646 941 tam
667 899 793 952 rigor
810 898 1028 952 equitatis
1048 910 1187 951 quam
1203 897 1315 939 ordo
1331 898 1480 951 exigit

212 965 403 1006 rationis
425 971 477 1007 ut
515 965 560 1006 id
595 978 678 1018 per
707 964 1041 1006 solicitudinem
1079 962 1216 1005 officii
1251 964 1396 1005 nostri
1420 964 1479 1004 ad

214 1031 418 1072 debitum
461 1031 741 1085 perducatur
777 1029 989 1072 effectum
1006 1043 1018 1081 ;
1064 1042 1261 1082 cumque
1303 1030 1478 1083 itaque,

213 1097 333 1138 sicut
353 1110 411 1138 ex
434 1103 566 1151 parte
579 1101 735 1139 vestra
755 1096 842 1137 fuit
862 1096 1146 1149 propositum
1159 1108 1315 1137 coram
1332 1096 1478 1145 nobis,

213 1277 431 1308 marescallus
459 1276 607 1316 Angliae,
641 1276 688 1308 H.
716 1285 828 1308 comes

215 1322 426 1354 Herefordiae
442 1324 476 1353 et
491 1322 657 1360 Essexiae,
671 1322 706 1354 J.
717 1331 828 1353 comes

213 1369 257 1400 de
274 1369 472 1408 Warrewic,
489 1369 612 1400 Petrus
634 1369 677 1399 de
698 1368 829 1399 Sabau-

214 1416 284 1455 dia,
306 1416 475 1454 ceterique
491 1418 664 1455 magnates
679 1414 829 1454 Angliae,

213 1464 452 1492 consenserunt
482 1461 517 1491 in
542 1461 739 1492 sententiam
769 1469 828 1491 ex—

214 1507 524 1539 communicationis
551 1507 751 1548 generaliter
778 1507 828 1537 la-

214 1557 283 1585 tam
307 1554 400 1593 apud
417 1554 750 1585 Westmonasterium
764 1555 830 1584 ter-

213 1600 261 1630 tio
284 1600 415 1631 decimo
437 1599 492 1630 die
516 1599 603 1630 Maii
626 1609 712 1630 anno
734 1599 829 1638 regni

214 1646 304 1686 regis
340 1645 495 1686 praedicti
527 1653 662 1676 xxxvn.
693 1646 727 1676 in
766 1645 829 1676 hac

214 1693 332 1733 forma,
348 1692 478 1724 scilicet
489 1692 578 1731 quod
594 1692 729 1723 vinculo
743 1700 830 1731 prae-

214 1739 295 1770 fatae
332 1739 506 1770 sententiae
535 1738 683 1778 ligentur
716 1747 829 1768 omnes

218 1786 386 1816 venientes
412 1787 528 1816 contra
556 1784 728 1815 libertates
753 1793 831 1815 con-

215 1834 324 1863 tentas
338 1832 373 1862 in
384 1832 486 1862 cartis
494 1831 718 1863 communium
730 1830 834 1861 liber-.

215 1882 322 1909 tatum
345 1877 480 1918 Angliae
505 1880 539 1908 et
565 1877 608 1908 de
636 1877 773 1917 foresta,
796 1879 830 1908 et

215 1934 329 1955 omues
344 1924 403 1964 qui
416 1923 587 1955 libertates
596 1923 750 1954 ecclesiae
760 1923 829 1954 An-

214 1971 356 2011 glicanae
370 1970 578 2010 temporibus
593 1969 720 2001 domini
740 1970 829 2009 regis

213 2020 248 2048 et
262 2017 546 2057 praedecessorum
562 2026 699 2048 suorum
713 2025 829 2056 regum

216 2063 350 2102 Angliae
372 2065 526 2103 optentas
548 2066 582 2094 et
605 2063 748 2094 usitatas
763 2062 830 2094 sci-

215 2113 308 2140 enter
322 2112 356 2141 et
370 2109 543 2140 maliciose
557 2108 756 2140 violaverint
771 2111 830 2140 aut

215 2155 394 2195 infringere
409 2155 698 2195 praesumpserint,
713 2157 747 2186 et
760 2164 830 2186 om-

215 2211 274 2234 nes
299 2202 350 2232 illi
372 2202 431 2241 qui
455 2210 572 2241 pacem
594 2200 719 2232 domini
741 2201 831 2241 regis

215 2251 249 2279 et
271 2248 366 2288 regni
388 2246 667 2288 perturbaverint,
682 2250 715 2278 et
738 2247 830 2278 simi-

215 2295 293 2326 liter
306 2303 421 2326 omnes
436 2294 496 2334 qui
512 2294 594 2334 jura
609 2296 643 2325 et
658 2293 830 2325 libertates

216 2341 306 2381 regis
329 2344 364 2372 et
385 2340 479 2381 regni
500 2340 699 2380 diminuere,
713 2339 830 2371 infrin-

216 2397 307 2428 gere,
325 2396 385 2418 seu
410 2387 585 2418 immutare
607 2395 831 2426 praesumpse-

217 2435 294 2472 rint;
310 2433 439 2473 etquod
451 2442 565 2463 omnes
572 2433 742 2464 venientes
754 2442 831 2464 con·

215 2484 268 2511 tra
279 2479 455 2519 praemissa
465 2478 519 2510 vel
529 2488 644 2510 eorum
653 2478 769 2518 aliqua
781 2478 830 2518 ig·

216 2529 382 2565 noranter,
392 2528 425 2557 et
435 2524 583 2565 legitime
604 2525 734 2563 moniti,
744 2524 831 2556 infra

215 2572 418 2613 quindenam
434 2574 510 2611 post
518 2570 730 2602 monitionem
745 2580 831 2610 prae-

216 2619 351 2650 missam
380 2618 504 2649 dictam
535 2617 829 2657 transgressionem

215 2675 280 2697 non
309 2662 569 2702 emendaverint,
594 2664 716 2694 extunc
742 2672 830 2702 prae·

214 2712 315 2743 dictae
353 2709 527 2742 sententiae
562 2709 830 2740 excommunica-

213 2758 316 2789 tionis
353 2755 595 2796 subJacebunt3
634 2755 681 2786 ita
719 2758 830 2787 tamen

861 1276 953 1316 quod
996 1276 1153 1308 dominus
1196 1287 1256 1309 rex
1294 1281 1482 1318 transgres-

863 1322 988 1354 sionem
1005 1323 1096 1354 illam
1109 1333 1170 1363 per
1180 1323 1480 1355 considerationem

862 1369 967 1400 curiae
983 1379 1055 1400 suae
1071 1369 1175 1401 faciat
1188 1370 1370 1402 emendari.
1408 1371 1480 1401 Sci-

861 1415 985 1446 endum
1009 1418 1121 1446 autem
1144 1416 1235 1455 quod
1259 1417 1288 1447 si
1314 1417 1349 1447 in
1373 1417 1481 1456 scrip-

862 1461 948 1492 turis
980 1470 1082 1501 super
1112 1461 1230 1493 eadem
1261 1463 1427 1493 sententia
1458 1472 1479 1494 a

861 1508 1121 1547 quibuscunque
1145 1508 1307 1539 confectis
1322 1518 1382 1540 seu
1398 1518 1478 1540 con-

860 1553 1014 1586 ficiendis
1035 1554 1130 1586 aliud
1151 1554 1202 1586 vel
1224 1555 1323 1586 aliter
1344 1555 1479 1595 apposi-

861 1602 932 1630 tum
944 1600 997 1631 vel
1014 1600 1184 1640 adjectum
1199 1600 1313 1640 fuerit,
1324 1604 1384 1632 aut
1399 1601 1479 1632 arti-

862 1645 931 1676 culi
948 1645 1054 1685 aliqui
1070 1646 1130 1677 alii
1152 1646 1187 1677 in
1203 1647 1252 1677 eis
1268 1648 1413 1678 contenti
1428 1648 1479 1678 in-

862 1692 1050 1731 veniantur,
1070 1692 1226 1724 dominus
1247 1702 1308 1724 rex
1334 1697 1368 1724 et
1389 1702 1477 1733 prae-

862 1737 945 1769 dicti
961 1741 1134 1778 magnates
1154 1748 1267 1770 omnes
1282 1742 1315 1770 et
1330 1749 1477 1771 commu-

862 1784 950 1815 nitas
966 1784 1083 1824 populi
1102 1787 1328 1824 protestantur
1342 1785 1477 1825 publice

863 1831 898 1861 in
929 1831 1110 1870 praesentia
1144 1831 1386 1863 venerabilium
1418 1841 1478 1872 pa-

863 1880 948 1908 trum
967 1877 1008 1908 B.
1026 1877 1095 1909 Dei
1106 1877 1215 1918 gratia
1225 1877 1479 1910 Cantuariensis

863 1923 1121 1963 archiepiscopi,
1135 1924 1238 1955 totius
1253 1923 1388 1965 Angliae
1410 1925 1479 1964 pri-

862 1970 974 2010 matis,
1007 1979 1135 2001 necnon
1173 1973 1208 2001 et
1244 1971 1477 2011 episcoporum

862 2017 1010 2048 omnium
1026 2016 1061 2047 in
1076 2017 1193 2048 eodem
1207 2017 1377 2057 colloquio
1389 2018 1479 2049 exis-

863 2063 1015 2102 tentium,
1045 2063 1135 2102 quod
1172 2063 1207 2094 in
1236 2073 1278 2095 ea
1305 2073 1477 2103 nunquam

863 2111 1102 2140 consenserunt
1115 2118 1177 2140 nec
1192 2110 1403 2141 consentiunt
1417 2110 1477 2141 sed

863 2155 906 2186 de
922 2155 1025 2195 plano
1039 2155 1091 2186 eis
1104 2156 1350 2188 contradicunt.
1382 2156 1477 2188 Prae-

862 2204 955 2232 terea
984 2200 1148 2240 praefatus
1173 2201 1328 2233 dominus
1354 2212 1427 2242 rex,
1442 2203 1477 2234 in

862 2247 1046 2287 prolatione
1052 2245 1204 2286 praefatae
1214 2248 1478 2287 sententiae,om-

863 2301 923 2325 nes
953 2293 1127 2325 libertates
1156 2296 1190 2325 et
1219 2293 1478 2326 consuetudines

862 2339 956 2380 regni
971 2339 1077 2371 nostri
1098 2339 1255 2380 antiquas
1270 2342 1305 2371 et
1323 2340 1479 2380 usitatas,

863 2389 897 2417 et
911 2386 1092 2426 dignitates
1107 2388 1141 2417 et
1149 2387 1230 2425 jura
1244 2394 1377 2417 coronae
1393 2394 1478 2426 suae,

863 2442 920 2464 ore
951 2432 1086 2472 proprio
1115 2432 1308 2471 specialiter
1343 2432 1409 2463 sibi
1445 2435 1481 2464 et

863 2488 965 2519 regno
995 2487 1057 2509 suo
1093 2477 1236 2509 salvavit
1271 2481 1305 2509 et
1333 2478 1479 2518 excepit.

863 2524 904 2556 In
915 2526 1014 2564 cnjus
1029 2524 1078 2555 rei
1093 2524 1296 2564 memoriam,
1308 2524 1387 2555 etin
1402 2533 1480 2564 pos-

863 2573 971 2602 terum
991 2570 1142 2602 veritatis
1163 2570 1479 2610 testimonium,tam

864 2617 1019 2648 dominus
1039 2625 1099 2647 rex
1122 2625 1223 2656 quam
1246 2616 1402 2656 praedicti
1425 2626 1480 2648 co-

863 2663 962 2694 mites
974 2662 1019 2694 ad
1033 2662 1225 2694 instantiam
1234 2662 1374 2694 aliorum
1388 2672 1482 2703 mag·

864 2712 979 2740 natum
995 2712 1029 2740 et
1045 2708 1176 2749 populi,
1188 2709 1344 2749 praesenti
1354 2709 1480 2749 scripto

864 2755 979 2796 sigilla
993 2764 1056 2787 sua
1071 2753 1337 2795 apposuerunt.''
