1866 3186
382 227 386 230 ’
416 223 503 264 266
909 235 1184 267 cunomcoN

219 347 388 405 {egrylg}
419 336 519 391 ejus
569 337 715 390 plenae
765 339 917 379 aetatis
967 338 1103 379 fuerit
1142 343 1188 379 et
1238 337 1455 378 relevium
1495 336 1671 385 debeat,

204 434 310 465 Magna
382 399 388 406 ⁸
420 401 585 443 habeat
608 402 918 445 haereditatem
939 414 1068 444 suam
1088 415 1170 456 per
1184 403 1422 456 antiquum
1438 402 1673 450 relevium,

201 468 313 492 cnm*
419 467 593 509 scilicet
631 468 776 510 haeres
818 469 892 510 vel
930 468 1133 510 haeredes
1160 468 1338 509 comitis
1370 468 1426 509 de
1457 473 1467 489 ‘
1484 468 1672 509 baronia

420 534 597 575 comitis
627 533 856 586 integra'¹
893 547 974 588 per
1014 539 1195 575 centum
1229 533 1394 584 libras;
1434 533 1578 574 haeres
1602 533 1672 574 vel

419 598 622 640 haeredes
654 600 837 641 baronis
871 599 926 640 de
958 600 1147 640 baronia
1175 599 1354 651 integra
1383 611 1463 652 per
1491 603 1673 639 centum
1717 604 1740 640 5

419 664 587 705 ‘libras
605 679 616 716 ;
636 664 672 687 ’²
721 666 866 707 haeres
906 665 979 707 vel
1018 664 1222 706 haeredes
1262 663 1418 704 militis
1452 663 1508 705 de
1541 664 1672 705 feodo

419 730 572 771 militis
592 730 769 784 integro
791 745 872 784 per
894 735 1076 772 centum
1105 730 1275 772 solidos
1303 729 1361 770 ad
1387 729 1507 782 plus,
1528 734 1574 771 et
1596 731 1674 783 qui

419 796 568 837 minus
591 795 857 838 ‘debuerit'³
876 797 1025 838 minus
1045 796 1137 846 det,
1162 795 1409 837 secundum
1439 795 1675 848 antiquam

418 862 787 903 consuetudinem
810 862 1055 904 feodorum.
1118 861 1167 902 Si
1187 866 1339 902 autem
1366 861 1511 901 haeres
1533 861 1675 902 alicu-

413 926 492 980 jus
514 927 672 968 talium
693 928 830 969 fuerit
849 928 968 968 infra
989 933 1187 976 aetatem,
1215 927 1425 968 dominus
1453 927 1552 981 eJus
1582 939 1672 967 non
1694 929 1743 966 10

420 992 588 1033 habeat
607 993 858 1035 custodiam
889 993 1003 1047 ejus,
1034 1005 1115 1034 nec
1140 998 1273 1033 terrae
1296 1005 1407 1041 suae,
1429 998 1674 1045 antequam

420 1057 682 1110 homagium
706 1058 805 1112 ejus
826 1059 1013 1112 ceperit,
1049 1063 1095 1099 et
1123 1063 1365 1111 postquam
1395 1058 1500 1099 talis
1530 1058 1674 1099 haeres

421 1122 556 1164 fuerit
575 1124 621 1164 in
643 1125 865 1174 custodia,
890 1137 991 1165 cum
1013 1124 1070 1165 ad
1093 1128 1274 1165 aetatem
1296 1124 1566 1176 pervenerit,
1587 1124 1674 1165 sci-

420 1188 528 1230 licet
571 1190 733 1243 viginti
765 1195 811 1231 et
847 1190 981 1231 unius
1014 1190 1137 1240 anni,
1167 1189 1333 1231 habeat
1361 1188 1673 1230 haereditatem

420 1267 552 1296 suam
572 1256 669 1297 sine
689 1256 858 1297 relevio
879 1260 926 1297 et
950 1256 1049 1297 sine
1078 1255 1166 1296 fine
1184 1272 1195 1303 ς
1228 1256 1294 1296 ita
1323 1260 1475 1296 tamen
1496 1255 1615 1308 quod
1635 1256 1673 1296 si
1695 1256 1742 1292 15

420 1320 517 1373 ipse
557 1321 665 1362 dum
700 1321 819 1363 infra
861 1326 1045 1363 aetatem
1075 1320 1211 1361 fuerit
1255 1321 1335 1362 fiat
1365 1321 1508 1369 miles,
1539 1320 1672 1361 nihil-

419 1387 595 1427 ominus
637 1392 759 1428 terra
799 1391 1030 1428 remaneat
1066 1387 1109 1426 in
1145 1386 1351 1443 custodia
1389 1386 1672 1427 dominorum

417 1464 602 1492 suorum
626 1465 769 1506 usque
798 1452 856 1493 ad
886 1452 1125 1493 terminum
1153 1452 1434 1504 praedictum.
1505 1451 1673 1493 Custos

418 1521 551 1558 terrae
574 1517 835 1572 hujusmodi
855 1518 1062 1567 haeredis,
1084 1518 1163 1570 qui
1184 1517 1301 1558 infra
1316 1522 1499 1558 aetatem
1522 1517 1673 1568 fuerit,
1764 1523 1781 1536 ⁶

419 1595 510 1623 non
558 1584 712 1636 capiat
749 1584 804 1624 de
856 1588 978 1624 terra
1017 1582 1209 1623 haeredis
1252 1583 1340 1623 nisi
1381 1583 1673 1624 rationabiles
1690 1586 1742 1623 20

418 1648 584 1699 exitus,
610 1654 655 1690 et
684 1649 977 1690 rationabiles
1005 1648 1368 1698 consuetudines,
1400 1654 1446 1690 et
1472 1649 1672 1690 rationa-

417 1714 526 1755 bilia
561 1715 763 1764 servitia,
799 1721 844 1756 et
876 1715 962 1756 hoc
999 1715 1095 1755 sine
1126 1714 1431 1755 destructione
1466 1719 1512 1755 et
1539 1720 1673 1756 vasto

416 1779 648 1821 hominum
672 1784 684 1802 ‘
701 1778 821 1822 vel’4
843 1793 1006 1821 rerum.
1034 1777 1044 1787 '
1077 1779 1138 1821 Et
1156 1780 1195 1820 si
1214 1792 1297 1821 nos
1320 1780 1673 1821 commiserimus

417 1846 671 1887 custodiam
699 1846 894 1900 alicujus
922 1845 1027 1886 talis
1053 1850 1187 1886 terrae
1210 1845 1478 1894 vicecomiti,
1499 1846 1572 1886 vel
1594 1846 1673 1887 ali-

417 1911 489 1950 cui
518 1911 596 1952 alii
623 1912 700 1964 qui
731 1911 787 1952 de
814 1911 1013 1951 exitibus
1041 1915 1174 1951 terrae
1204 1910 1326 1950 illius
1354 1911 1481 1951 nobis
1510 1911 1672 1953 debeat
1689 1920 1740 1956 25

417 1976 702 2028 respondere,
752 1981 798 2016 et
845 1976 922 2016 ille
962 1975 1312 2016 destructionem
1362 1976 1417 2016 de
1467 1977 1672 2018 custodia

417 2040 575 2081 fecerit
596 2041 668 2082 vel
693 2046 890 2090 vastum,
911 2054 994 2082 nos
1016 2042 1073 2082 ab
1103 2045 1115 2062 ‘
1132 2038 1247 2082 illo*5
1271 2041 1503 2094 capiemus
1524 2055 1674 2083 emen-

417 2106 538 2156 dam,
561 2111 606 2147 et
630 2111 753 2148 terra
780 2110 793 2128 ‘
808 2099 1155 2148 committetur’⁶
1185 2106 1360 2148 duobus
1380 2106 1604 2159 legalibus
1628 2112 1674 2148 et

417 2171 626 2213 discretis
653 2172 910 2213 hominibus
937 2172 993 2213 de
1019 2171 1152 2213 feodo
1173 2172 1268 2222 illo,
1291 2172 1368 2225 qui
1395 2172 1450 2212 de
1474 2173 1673 2214 exitibus

417 2241 429 2258 ‘
443 2236 611 2278 nobis'⁷
644 2238 962 2291 respondeant,
983 2238 1058 2279 vel
1083 2241 1095 2259 ‘
1111 2238 1151 2278 ei
1179 2238 1252 2278 cui
1274 2236 1390 2278 eos'8
1410 2238 1674 2291 assignave-
1691 2245 1741 2282 30

416 2302 585 2354 rimus;
625 2308 671 2344 et
705 2304 744 2344 si
779 2303 1032 2344 dederimus
1069 2303 1142 2343 vel
1169 2303 1500 2344 vendiderimus
1537 2303 1674 2345 alicui

416 2368 668 2409 custodiam
699 2368 893 2422 alicujus
923 2369 1029 2409 talis
1049 2373 1198 2418 terrae,
1222 2374 1268 2409 et
1297 2368 1373 2409 ille
1404 2368 1672 2410 destructio-

463 2564 475 2625 ¹²
496 2567 506 2585 ‘
519 2569 677 2600 comitatu
694 2568 847 2608 integro!
1043 2575 1046 2621 Ι
1108 2567 1122 2586 ³
1144 2570 1153 2586 ‘
1167 2570 1231 2601 eo!

495 2614 504 2630 ‘
519 2614 672 2646 marcas)
1108 2612 1121 2631 ⁶
1144 2616 1153 2632 ‘
1164 2616 1412 2648 committatur-,³

463 2655 475 2673 ³
496 2660 504 2676 ‘
519 2659 696 2693 habuerit.'
1110 2658 1122 2679 ⁷
1146 2662 1155 2678 ‘
1166 2664 1260 2693 terrae
1277 2662 1369 2693 illius
1385 2663 1501 2694 nobis.'

460 2697 472 2714 ⁴
497 2707 505 2721 ⁶
520 2705 578 2736 et!
1108 2705 1122 2726 ⁸
1144 2708 1153 2725 ‘
1167 2708 1218 2738 illi
1234 2708 1289 2739 eui
1306 2708 1407 2740 mose
