1866 3186
180 359 312 390 Stephen.

165 393 197 416 A.
212 392 246 417 D.
262 394 336 418 11³8.

364 233 423 274 60
853 243 1130 274 ennomcoN

364 347 606 401 praeferens
630 347 933 389 temeritatem
960 353 1007 388 et
1032 348 1146 389 rixae
1172 347 1320 400 magis
1346 359 1481 400 quam
1511 358 1627 399 pug-

362 425 434 454 nae
477 414 641 467 aptior,
671 413 802 454 vobis
843 413 1053 454 resistere
1099 414 1236 454 immo
1275 418 1491 466 expetere
1527 412 1627 466 jam

362 483 569 520 conatur.
640 478 698 520 In
736 479 901 532 quibus
936 478 1117 532 quidem
1153 478 1281 519 nulla
1320 479 1385 519 rei
1417 478 1627 519 militaris

362 547 375 566 ‘
393 542 639 594 scientia‚’¹
670 544 744 586 vel
775 544 1018 598 proeliandi
1048 545 1228 597 peritia,
1260 544 1333 585 vel
1363 543 1627 585 moderandi

361 610 514 662 gratia
538 610 781 652 invenitur.
851 610 1020 651 Nullus
1049 623 1159 663 ergo
1183 609 1368 650 verendi
1393 610 1521 650 locus
1547 609 1627 650 sed

361 677 514 729 potius
537 676 839 726 verecundiae,
861 676 984 729 quod
1007 676 1053 716 hi
1076 688 1191 728 quos
1214 688 1392 729 semper
1411 676 1458 716 in
1478 675 1629 728 patria

361 754 446 782 sua
466 742 712 796 petivimus
734 746 780 783 et
795 742 1003 792 vicimus,
1024 742 1071 782 in
1090 742 1286 795 patriam
1310 746 1512 782 nostram
1527 740 1626 795 jam

361 807 452 848 ritu
490 812 751 849 transverso
773 807 900 849 velut
935 808 1167 848 dementes
1196 812 1242 848 et
1270 808 1381 848 ebrii
1411 807 1627 848 convola-

360 878 478 915 runt.
565 873 719 915 Unum
751 874 881 915 vobis
912 887 997 926 ego
1030 873 1198 927 praesul
1230 873 1468 922 denuncio,
1504 873 1625 926 quod

360 938 407 979 hi
437 935 566 981 Scoti
596 940 675 992 qui
704 940 752 980 in
778 939 865 980 hac
892 939 1044 993 patria
1065 939 1238 992 templa
1267 939 1357 980 Dei
1381 939 1626 989 violarunt,

360 1004 526 1046 altaria
564 1010 875 1056 cruentarunt,
917 1006 1207 1059 presbyteros
1257 1005 1533 1058 occiderunt,
1580 1011 1627 1047 et

358 1073 524 1123 pueros
550 1075 597 1111 et
618 1075 908 1124 praegnantes
937 1075 1226 1124 peremerunt
1248 1070 1417 1122 gladio,
1438 1071 1625 1124 condig-

358 1148 441 1176 nas
482 1136 554 1177 sui
597 1136 811 1177 facinoris
853 1137 981 1178 luent
1019 1149 1198 1190 poenas,
1237 1136 1285 1176 in
1324 1149 1407 1178 suo
1449 1136 1626 1190 flagitio

358 1207 646 1244 corruentes:
689 1203 810 1255 quod
857 1216 939 1256 per
977 1215 1139 1243 manus
1189 1206 1365 1243 vestras
1414 1207 1626 1244 strenuas

357 1267 492 1309 hodie
523 1268 726 1322 perficiet
755 1269 884 1310 Deus
916 1269 1216 1321 omnipotens.
1286 1267 1483 1310 Attolite
1512 1283 1622 1322 ergo

358 1334 548 1383 animos,
581 1334 814 1387 elegantes
853 1335 954 1384 viri,
992 1338 1039 1375 et
1075 1334 1296 1375 adversus
1331 1333 1508 1375 hostem
1544 1348 1622 1376 ne-

359 1399 643 1452 quissimum,
676 1400 779 1441 freti
806 1400 974 1442 virtute
1011 1400 1177 1453 patria,
1211 1400 1348 1441 immo
1386 1400 1475 1442 Dei
1505 1414 1622 1454 prae-

356 1466 520 1515 sentia,
542 1466 767 1519 exurgite.
840 1466 939 1507 Nec
959 1479 1041 1507 vos
1063 1471 1248 1507 moveat
1274 1466 1456 1507 illorum
1479 1473 1620 1508 teme-

357 1531 469 1572 ritas
495 1545 679 1585 magna,
703 1545 806 1573 cum
832 1532 936 1573 illos
963 1545 1054 1573 non
1080 1532 1336 1573 deterreant
1367 1537 1436 1574 tot
1455 1540 1622 1575 vestrae

357 1597 540 1639 virtutis
562 1599 785 1651 insignia.
855 1598 933 1639 Illi
970 1598 1176 1639 nesciunt
1208 1598 1375 1639 armari
1405 1599 1452 1639 in
1487 1599 1622 1650 bello,

356 1675 439 1704 vos
463 1669 616 1705 autem
648 1665 697 1705 in
725 1677 839 1717 pace
865 1664 996 1706 bellis
1032 1664 1321 1714 exercemini,
1342 1669 1394 1705 ut
1417 1670 1620 1718 postmo-

355 1728 463 1769 dum
497 1730 545 1770 in
587 1730 707 1771 bello
746 1743 880 1772 casus
916 1731 1024 1772 belli
1061 1730 1221 1771 dubios
1264 1743 1355 1771 non
1397 1731 1619 1774 sentiatis.

356 1794 553 1848 Tegitur
582 1797 712 1837 vobis
747 1801 886 1850 caput
916 1797 1065 1849 galea,
1096 1801 1256 1849 pectus
1286 1796 1442 1846 lorica,
1474 1798 1620 1838 ocreis

354 1873 502 1910 crura,
546 1866 784 1914 totumque
833 1875 998 1914 corpus
1049 1866 1180 1903 scuto
1223 1866 1270 1902 et
1312 1875 1432 1903 ense.
1524 1860 1619 1905 Ubi

354 1925 488 1967 feriat
514 1940 605 1967 non
633 1927 807 1968 invenit
834 1927 992 1977 hostis,
1028 1940 1163 1980 quem
1192 1927 1312 1968 ferro
1346 1928 1621 1982 circumsep-

354 1995 452 2032 tum
495 1992 691 2045 inspicit.
776 1992 876 2034 Nos
915 2006 1025 2046 ergo
1065 1993 1361 2046 procedentes
1401 1993 1620 2036 adversus

354 2057 547 2098 inermes
568 2062 615 2099 et
634 2058 795 2108 nudos,
816 2059 925 2112 quid
945 2059 1239 2101 dubitamus?
1271 2071 1330 2100 an
1351 2062 1618 2102 numerum?

357 2122 493 2164 Certe
523 2136 615 2165 non
642 2137 854 2165 numerus
884 2124 1146 2175 multorum,
1170 2125 1251 2166 sed
1277 2126 1422 2166 virtus
1449 2138 1620 2179 pauco-

355 2201 455 2229 rum
482 2189 652 2230 bellum
681 2190 891 2238 conficit;
924 2191 1168 2232 multitudo
1197 2192 1299 2244 ipsa
1326 2196 1395 2232 est
1419 2191 1619 2233 insolens

355 2255 535 2297 sibimet
563 2256 666 2310 ipsi,
697 2261 743 2298 et
775 2257 1097 2310 impedimento
1124 2261 1195 2298 est
1219 2257 1267 2297 in
1300 2257 1528 2310 prosperis
1560 2258 1618 2298 ad

356 2321 610 2372 victoriam,
631 2327 677 2363 et
712 2322 759 2363 in
791 2322 995 2363 adversis
1033 2322 1090 2363 ad
1124 2322 1296 2376 fugam.
1367 2321 1619 2376 Propterea

355 2387 553 2442 majores
592 2388 748 2438 vestri,
791 2393 839 2429 et
876 2388 1012 2441 pauci
1052 2388 1249 2441 quidem,
1285 2388 1454 2429 multos
1496 2401 1618 2443 saepe

353 2453 575 2494 vicerunt.
647 2453 770 2505 Quid
795 2467 904 2507 ergo
927 2453 1103 2495 confert
1123 2454 1251 2495 vobis
1280 2454 1427 2507 gloria
1453 2467 1617 2507 paren-

354 2518 490 2560 telae‘t
523 2519 631 2572 quid
662 2521 931 2561 exercitatio
953 2520 1198 2561 solemnis?
1234 2520 1341 2573 quid
1380 2520 1617 2573 disciplina

353 2584 601 2626 salutaris?
627 2586 714 2626 nisi
735 2586 906 2627 multos
920 2586 1157 2639 pauciores
1175 2586 1390 2633 vincatis;
1421 2585 1499 2626 sed
1514 2586 1613 2639 jam

699 2744 708 2764 ¹
734 2746 743 2762 ‘
754 2748 787 2776 et
801 2746 963 2784 scientia,'
980 2745 1054 2777 MS.
1068 2745 1155 2777 Coll.
1167 2745 1261 2777 Arm.
