<?xml version="1.0" encoding="UTF-8"?>
<!DOCTYPE html PUBLIC "-//W3C//DTD XHTML 1.0 Transitional//EN"
    "http://www.w3.org/TR/xhtml1/DTD/xhtml1-transitional.dtd">
<html xmlns="http://www.w3.org/1999/xhtml" xml:lang="en" lang="en">
 <head>
  <title>
</title>
<meta http-equiv="Content-Type" content="text/html;charset=utf-8" />
  <meta name='ocr-system' content='tesseract 3.04.00' />
  <meta name='ocr-capabilities' content='ocr_page ocr_carea ocr_par ocr_line ocrx_word'/>
</head>
<body>
  <div class='ocr_page' id='page_1' title='image "./chronicondominiw01hemiuoft_0194.png"; bbox 0 0 1866 3186; ppageno 0'>
   <div class='ocr_carea' id='block_1_1' title="bbox 225 381 390 440">
    <p class='ocr_par' dir='ltr' id='par_1_1' title="bbox 225 381 390 440">
     <span class='ocr_line' id='line_1_1' title="bbox 227 381 389 407; baseline -0.006 0"><span class='ocrx_word' id='word_1_1' title='bbox 227 381 352 407; x_wconf 81' lang='lat' dir='ltr'>Richard</span> <span class='ocrx_word' id='word_1_2' title='bbox 364 381 389 407; x_wconf 89' lang='lat'>1.</span> 
     </span>
     <span class='ocr_line' id='line_1_2' title="bbox 225 415 390 440; baseline 0 -1"><span class='ocrx_word' id='word_1_3' title='bbox 225 416 259 440; x_wconf 81' lang='lat' dir='ltr'>A.</span> <span class='ocrx_word' id='word_1_4' title='bbox 268 415 302 439; x_wconf 88' lang='lat' dir='ltr'>D.</span> <span class='ocrx_word' id='word_1_5' title='bbox 314 415 390 440; x_wconf 83' lang='lat'>1191.</span> 
     </span>
    </p>
   </div>
   <div class='ocr_carea' id='block_1_2' title="bbox 209 450 407 458">
    <p class='ocr_par' dir='ltr' id='par_1_2' title="bbox 209 450 407 458">
     <span class='ocr_line' id='line_1_3' title="bbox 209 450 407 458; baseline 0 0"><span class='ocrx_word' id='word_1_6' title='bbox 209 450 407 458; x_wconf 95' lang='lat' dir='ltr'> </span> 
     </span>
    </p>
   </div>
   <div class='ocr_carea' id='block_1_3' title="bbox 204 903 382 1001">
    <p class='ocr_par' dir='ltr' id='par_1_3' title="bbox 204 903 382 1001">
     <span class='ocr_line' id='line_1_4' title="bbox 207 903 382 934; baseline -0.011 -5"><span class='ocrx_word' id='word_1_7' title='bbox 207 904 339 934; x_wconf 83' lang='lat' dir='ltr'>Tyranuy</span> <span class='ocrx_word' id='word_1_8' title='bbox 351 903 382 928; x_wconf 83' lang='lat' dir='ltr'>of</span> 
     </span>
     <span class='ocr_line' id='line_1_5' title="bbox 205 937 372 968; baseline 0 -7"><span class='ocrx_word' id='word_1_9' title='bbox 205 937 254 961; x_wconf 81' lang='lat' dir='ltr'>the</span> <span class='ocrx_word' id='word_1_10' title='bbox 267 937 372 968; x_wconf 78' lang='lat' dir='ltr'>Bishop</span> 
     </span>
     <span class='ocr_line' id='line_1_6' title="bbox 204 970 311 1001; baseline -0.009 -7"><span class='ocrx_word' id='word_1_11' title='bbox 204 970 236 994; x_wconf 77' lang='lat' dir='ltr'>of</span> <span class='ocrx_word' id='word_1_12' title='bbox 251 970 311 1001; x_wconf 79' lang='lat' dir='ltr'>Ely,</span> 
     </span>
    </p>
   </div>
   <div class='ocr_carea' id='block_1_4' title="bbox 424 253 1191 298">
    <p class='ocr_par' dir='ltr' id='par_1_4' title="bbox 424 253 1191 298">
     <span class='ocr_line' id='line_1_7' title="bbox 424 253 1191 298; baseline 0.004 -3"><span class='ocrx_word' id='word_1_13' title='bbox 424 253 510 296; x_wconf 79' lang='lat'>172</span> <span class='ocrx_word' id='word_1_14' title='bbox 911 266 1191 298; x_wconf 67' lang='lat' dir='ltr'>cnaomcon</span> 
     </span>
    </p>
   </div>
   <div class='ocr_carea' id='block_1_5' title="bbox 418 368 1687 1931">
    <p class='ocr_par' dir='ltr' id='par_1_5' title="bbox 418 368 1687 1931">
     <span class='ocr_line' id='line_1_8' title="bbox 425 368 1687 422; baseline -0.002 -11"><span class='ocrx_word' id='word_1_15' title='bbox 425 369 669 411; x_wconf 90' lang='lat' dir='ltr'>concilium</span> <span class='ocrx_word' id='word_1_16' title='bbox 704 381 764 410; x_wconf 84' lang='lat' dir='ltr'>ex</span> <span class='ocrx_word' id='word_1_17' title='bbox 796 368 969 422; x_wconf 84' lang='lat' dir='ltr'>Anglia</span> <span class='ocrx_word' id='word_1_18' title='bbox 1003 373 1176 411; x_wconf 88' lang='lat' dir='ltr'>terrore</span> <span class='ocrx_word' id='word_1_19' title='bbox 1205 369 1406 411; x_wconf 87' lang='lat' dir='ltr'>maximo</span> <span class='ocrx_word' id='word_1_20' title='bbox 1438 368 1687 411; x_wconf 88' lang='lat' dir='ltr'>Londoniis</span> 
     </span>
     <span class='ocr_line' id='line_1_9' title="bbox 425 435 1687 489; baseline 0 -13"><span class='ocrx_word' id='word_1_21' title='bbox 425 437 773 489; x_wconf 82' lang='lat' dir='ltr'>congregatum,</span> <span class='ocrx_word' id='word_1_22' title='bbox 810 439 984 488; x_wconf 89' lang='lat' dir='ltr'>quanto</span> <span class='ocrx_word' id='word_1_23' title='bbox 1015 435 1258 488; x_wconf 83' lang='lat' dir='ltr'>gloriosius</span> <span class='ocrx_word' id='word_1_24' title='bbox 1293 440 1422 477; x_wconf 88' lang='lat' dir='ltr'>tanto</span> <span class='ocrx_word' id='word_1_25' title='bbox 1449 440 1495 476; x_wconf 89' lang='lat' dir='ltr'>et</span> <span class='ocrx_word' id='word_1_26' title='bbox 1523 435 1687 476; x_wconf 85' lang='lat' dir='ltr'>vanius</span> 
     </span>
     <span class='ocr_line' id='line_1_10' title="bbox 425 500 1684 554; baseline -0.001 -12"><span class='ocrx_word' id='word_1_27' title='bbox 425 501 687 550; x_wconf 82' lang='lat' dir='ltr'>celebravit,</span> <span class='ocrx_word' id='word_1_28' title='bbox 730 501 816 541; x_wconf 91' lang='lat' dir='ltr'>sub</span> <span class='ocrx_word' id='word_1_29' title='bbox 861 500 1013 553; x_wconf 88' lang='lat' dir='ltr'>specie</span> <span class='ocrx_word' id='word_1_30' title='bbox 1054 500 1229 542; x_wconf 90' lang='lat' dir='ltr'>scilicet</span> <span class='ocrx_word' id='word_1_31' title='bbox 1269 501 1498 554; x_wconf 82' lang='lat' dir='ltr'>religionis</span> <span class='ocrx_word' id='word_1_32' title='bbox 1542 513 1684 554; x_wconf 84' lang='lat' dir='ltr'>agens</span> 
     </span>
     <span class='ocr_line' id='line_1_11' title="bbox 423 566 1687 620; baseline -0.001 -12"><span class='ocrx_word' id='word_1_33' title='bbox 423 567 620 620; x_wconf 86' lang='lat' dir='ltr'>propriae</span> <span class='ocrx_word' id='word_1_34' title='bbox 647 566 882 620; x_wconf 88' lang='lat' dir='ltr'>negotium</span> <span class='ocrx_word' id='word_1_35' title='bbox 913 566 1146 616; x_wconf 82' lang='lat' dir='ltr'>vanitatis,</span> <span class='ocrx_word' id='word_1_36' title='bbox 1173 566 1297 620; x_wconf 92' lang='lat' dir='ltr'>quod</span> <span class='ocrx_word' id='word_1_37' title='bbox 1327 566 1484 620; x_wconf 90' lang='lat' dir='ltr'>utique</span> <span class='ocrx_word' id='word_1_38' title='bbox 1518 567 1687 620; x_wconf 85' lang='lat' dir='ltr'>agebat</span> 
     </span>
     <span class='ocr_line' id='line_1_12' title="bbox 423 631 1686 685; baseline 0.001 -13"><span class='ocrx_word' id='word_1_39' title='bbox 423 631 587 674; x_wconf 85' lang='lat' dir='ltr'>fortius</span> <span class='ocrx_word' id='word_1_40' title='bbox 607 645 661 674; x_wconf 94' lang='lat' dir='ltr'>eo</span> <span class='ocrx_word' id='word_1_41' title='bbox 686 631 808 685; x_wconf 92' lang='lat' dir='ltr'>quod</span> <span class='ocrx_word' id='word_1_42' title='bbox 837 631 1201 685; x_wconf 65' lang='lat' dir='ltr'>metropolitanae</span> <span class='ocrx_word' id='word_1_43' title='bbox 1231 631 1435 673; x_wconf 86' lang='lat' dir='ltr'>ecclesiae</span> <span class='ocrx_word' id='word_1_44' title='bbox 1461 633 1686 673; x_wconf 86' lang='lat' dir='ltr'>vacabant</span> 
     </span>
     <span class='ocr_line' id='line_1_13' title="bbox 424 696 1685 751; baseline 0 -12"><span class='ocrx_word' id='word_1_45' title='bbox 424 696 665 751; x_wconf 62' lang='lat' dir='ltr'>utraeque}</span> <span class='ocrx_word' id='word_1_46' title='bbox 746 697 913 751; x_wconf 91' lang='lat' dir='ltr'>Itaque</span> <span class='ocrx_word' id='word_1_47' title='bbox 947 697 1130 739; x_wconf 87' lang='lat' dir='ltr'>sublato</span> <span class='ocrx_word' id='word_1_48' title='bbox 1165 697 1287 739; x_wconf 91' lang='lat' dir='ltr'>omni</span> <span class='ocrx_word' id='word_1_49' title='bbox 1312 697 1551 739; x_wconf 90' lang='lat' dir='ltr'>obstaculo</span> <span class='ocrx_word' id='word_1_50' title='bbox 1574 710 1685 750; x_wconf 91' lang='lat' dir='ltr'>quo-</span> 
     </span>
     <span class='ocr_line' id='line_1_14' title="bbox 424 763 1686 816; baseline -0.001 -12"><span class='ocrx_word' id='word_1_51' title='bbox 424 764 574 804; x_wconf 90' lang='lat' dir='ltr'>minus</span> <span class='ocrx_word' id='word_1_52' title='bbox 604 763 860 804; x_wconf 86' lang='lat' dir='ltr'>ambularet</span> <span class='ocrx_word' id='word_1_53' title='bbox 888 763 935 803; x_wconf 91' lang='lat' dir='ltr'>in</span> <span class='ocrx_word' id='word_1_54' title='bbox 962 764 1141 816; x_wconf 86' lang='lat' dir='ltr'>magnis</span> <span class='ocrx_word' id='word_1_55' title='bbox 1166 768 1212 805; x_wconf 89' lang='lat' dir='ltr'>et</span> <span class='ocrx_word' id='word_1_56' title='bbox 1235 763 1518 804; x_wconf 87' lang='lat' dir='ltr'>mirabilibus</span> <span class='ocrx_word' id='word_1_57' title='bbox 1547 775 1686 816; x_wconf 90' lang='lat' dir='ltr'>super</span> 
     </span>
     <span class='ocr_line' id='line_1_15' title="bbox 423 828 1684 882; baseline 0 -12"><span class='ocrx_word' id='word_1_58' title='bbox 423 842 473 870; x_wconf 92' lang='lat' dir='ltr'>se</span> <span class='ocrx_word' id='word_1_59' title='bbox 493 829 636 870; x_wconf 88' lang='lat' dir='ltr'>fretus</span> <span class='ocrx_word' id='word_1_60' title='bbox 662 828 849 882; x_wconf 88' lang='lat' dir='ltr'>duplici,</span> <span class='ocrx_word' id='word_1_61' title='bbox 880 828 1135 881; x_wconf 87' lang='lat' dir='ltr'>apostolica</span> <span class='ocrx_word' id='word_1_62' title='bbox 1155 829 1329 871; x_wconf 90' lang='lat' dir='ltr'>scilicet</span> <span class='ocrx_word' id='word_1_63' title='bbox 1358 833 1405 870; x_wconf 92' lang='lat' dir='ltr'>et</span> <span class='ocrx_word' id='word_1_64' title='bbox 1434 829 1576 881; x_wconf 83' lang='lat' dir='ltr'>regia,</span> <span class='ocrx_word' id='word_1_65' title='bbox 1601 842 1684 882; x_wconf 90' lang='lat' dir='ltr'>po-</span> 
     </span>
     <span class='ocr_line' id='line_1_16' title="bbox 425 894 1684 948; baseline 0 -13"><span class='ocrx_word' id='word_1_66' title='bbox 425 899 604 944; x_wconf 83' lang='lat' dir='ltr'>testate,</span> <span class='ocrx_word' id='word_1_67' title='bbox 637 894 758 936; x_wconf 90' lang='lat' dir='ltr'>clero</span> <span class='ocrx_word' id='word_1_68' title='bbox 799 894 971 947; x_wconf 87' lang='lat' dir='ltr'>pariter</span> <span class='ocrx_word' id='word_1_69' title='bbox 1014 899 1060 935; x_wconf 89' lang='lat' dir='ltr'>et</span> <span class='ocrx_word' id='word_1_70' title='bbox 1100 895 1270 948; x_wconf 93' lang='lat' dir='ltr'>populo</span> <span class='ocrx_word' id='word_1_71' title='bbox 1313 895 1684 947; x_wconf 83' lang='lat' dir='ltr'>arrogantissime</span> 
     </span>
     <span class='ocr_line' id='line_1_17' title="bbox 423 959 1682 1013; baseline -0.001 -12"><span class='ocrx_word' id='word_1_72' title='bbox 423 961 726 1013; x_wconf 83' lang='lat' dir='ltr'>praesidebat3</span> <span class='ocrx_word' id='word_1_73' title='bbox 766 964 812 1001; x_wconf 91' lang='lat' dir='ltr'>et</span> <span class='ocrx_word' id='word_1_74' title='bbox 852 960 971 1000; x_wconf 89' lang='lat' dir='ltr'>sicut</span> <span class='ocrx_word' id='word_1_75' title='bbox 1005 959 1061 1001; x_wconf 92' lang='lat' dir='ltr'>de</span> <span class='ocrx_word' id='word_1_76' title='bbox 1103 960 1301 1012; x_wconf 91' lang='lat' dir='ltr'>quodam</span> <span class='ocrx_word' id='word_1_77' title='bbox 1337 960 1557 1013; x_wconf 90' lang='lat' dir='ltr'>scriptum</span> <span class='ocrx_word' id='word_1_78' title='bbox 1598 965 1682 1010; x_wconf 89' lang='lat' dir='ltr'>est,</span> 
     </span>
     <span class='ocr_line' id='line_1_18' title="bbox 423 1025 1685 1078; baseline 0.002 -13"><span class='ocrx_word' id='word_1_79' title='bbox 423 1025 545 1078; x_wconf 91' lang='lat' dir='ltr'>quod</span> <span class='ocrx_word' id='word_1_80' title='bbox 577 1029 772 1078; x_wconf 87' lang='lat' dir='ltr'>utraque</span> <span class='ocrx_word' id='word_1_81' title='bbox 806 1037 945 1065; x_wconf 90' lang='lat' dir='ltr'>manu</span> <span class='ocrx_word' id='word_1_82' title='bbox 980 1026 1196 1066; x_wconf 88' lang='lat' dir='ltr'>utebatur</span> <span class='ocrx_word' id='word_1_83' title='bbox 1230 1038 1313 1078; x_wconf 90' lang='lat' dir='ltr'>pro</span> <span class='ocrx_word' id='word_1_84' title='bbox 1344 1025 1522 1074; x_wconf 85' lang='lat' dir='ltr'>dextra,</span> <span class='ocrx_word' id='word_1_85' title='bbox 1551 1026 1616 1066; x_wconf 91' lang='lat' dir='ltr'>sic</span> <span class='ocrx_word' id='word_1_86' title='bbox 1638 1031 1685 1067; x_wconf 92' lang='lat' dir='ltr'>et</span> 
     </span>
     <span class='ocr_line' id='line_1_19' title="bbox 421 1089 1683 1141; baseline 0 -10"><span class='ocrx_word' id='word_1_87' title='bbox 421 1090 498 1131; x_wconf 91' lang='lat' dir='ltr'>ille</span> <span class='ocrx_word' id='word_1_88' title='bbox 528 1091 586 1131; x_wconf 87' lang='lat' dir='ltr'>ad</span> <span class='ocrx_word' id='word_1_89' title='bbox 616 1090 867 1131; x_wconf 84' lang='lat' dir='ltr'>faciliorem</span> <span class='ocrx_word' id='word_1_90' title='bbox 887 1089 1173 1131; x_wconf 91' lang='lat' dir='ltr'>molitionum</span> <span class='ocrx_word' id='word_1_91' title='bbox 1204 1103 1390 1131; x_wconf 89' lang='lat' dir='ltr'>suarum</span> <span class='ocrx_word' id='word_1_92' title='bbox 1421 1089 1683 1141; x_wconf 88' lang='lat' dir='ltr'>efficaciam,</span> 
     </span>
     <span class='ocr_line' id='line_1_20' title="bbox 421 1156 1684 1210; baseline 0.001 -13"><span class='ocrx_word' id='word_1_93' title='bbox 421 1161 615 1210; x_wconf 87' lang='lat' dir='ltr'>utraque</span> <span class='ocrx_word' id='word_1_94' title='bbox 651 1160 878 1209; x_wconf 85' lang='lat' dir='ltr'>potestate</span> <span class='ocrx_word' id='word_1_95' title='bbox 911 1156 1127 1197; x_wconf 87' lang='lat' dir='ltr'>utebatur</span> <span class='ocrx_word' id='word_1_96' title='bbox 1161 1169 1244 1209; x_wconf 83' lang='lat' dir='ltr'>pro</span> <span class='ocrx_word' id='word_1_97' title='bbox 1280 1156 1442 1206; x_wconf 88' lang='lat' dir='ltr'>altera,</span> <span class='ocrx_word' id='word_1_98' title='bbox 1471 1169 1554 1197; x_wconf 90' lang='lat' dir='ltr'>nec</span> <span class='ocrx_word' id='word_1_99' title='bbox 1584 1162 1684 1198; x_wconf 89' lang='lat' dir='ltr'>erat</span> 
     </span>
     <span class='ocr_line' id='line_1_21' title="bbox 422 1221 1683 1276; baseline 0.002 -14"><span class='ocrx_word' id='word_1_100' title='bbox 422 1222 501 1274; x_wconf 92' lang='lat' dir='ltr'>qui</span> <span class='ocrx_word' id='word_1_101' title='bbox 531 1234 580 1263; x_wconf 91' lang='lat' dir='ltr'>se</span> <span class='ocrx_word' id='word_1_102' title='bbox 605 1221 905 1263; x_wconf 86' lang='lat' dir='ltr'>absconderet</span> <span class='ocrx_word' id='word_1_103' title='bbox 926 1234 955 1262; x_wconf 93' lang='lat' dir='ltr'>a</span> <span class='ocrx_word' id='word_1_104' title='bbox 980 1222 1131 1263; x_wconf 88' lang='lat' dir='ltr'>calore</span> <span class='ocrx_word' id='word_1_105' title='bbox 1162 1221 1277 1276; x_wconf 77' lang='lat' dir='ltr'>eJUS‚</span> <span class='ocrx_word' id='word_1_106' title='bbox 1302 1235 1404 1263; x_wconf 92' lang='lat' dir='ltr'>cum</span> <span class='ocrx_word' id='word_1_107' title='bbox 1423 1223 1480 1263; x_wconf 78' lang='lat' dir='ltr'>&#39;et</span> <span class='ocrx_word' id='word_1_108' title='bbox 1506 1222 1683 1264; x_wconf 88' lang='lat' dir='ltr'>secula-</span> 
     </span>
     <span class='ocr_line' id='line_1_22' title="bbox 421 1287 1681 1341; baseline 0.002 -14"><span class='ocrx_word' id='word_1_109' title='bbox 421 1288 483 1327; x_wconf 90' lang='lat' dir='ltr'>ris</span> <span class='ocrx_word' id='word_1_110' title='bbox 511 1288 558 1328; x_wconf 92' lang='lat' dir='ltr'>in</span> <span class='ocrx_word' id='word_1_111' title='bbox 589 1300 644 1328; x_wconf 92' lang='lat' dir='ltr'>eo</span> <span class='ocrx_word' id='word_1_112' title='bbox 666 1287 841 1340; x_wconf 85' lang='lat' dir='ltr'>virgam</span> <span class='ocrx_word' id='word_1_113' title='bbox 867 1287 940 1328; x_wconf 92' lang='lat' dir='ltr'>vel</span> <span class='ocrx_word' id='word_1_114' title='bbox 963 1287 1166 1339; x_wconf 84' lang='lat' dir='ltr'>gladium</span> <span class='ocrx_word' id='word_1_115' title='bbox 1196 1288 1459 1341; x_wconf 89' lang='lat' dir='ltr'>apostolicae</span> <span class='ocrx_word' id='word_1_116' title='bbox 1479 1293 1681 1341; x_wconf 89' lang='lat' dir='ltr'>potesta-</span> 
     </span>
     <span class='ocr_line' id='line_1_23' title="bbox 422 1351 1682 1402; baseline 0.001 -9"><span class='ocrx_word' id='word_1_117' title='bbox 422 1353 480 1393; x_wconf 88' lang='lat' dir='ltr'>tis</span> <span class='ocrx_word' id='word_1_118' title='bbox 505 1353 699 1402; x_wconf 89' lang='lat' dir='ltr'>timeret,</span> <span class='ocrx_word' id='word_1_119' title='bbox 725 1357 737 1374; x_wconf 93' lang='lat'>‘</span> <span class='ocrx_word' id='word_1_120' title='bbox 755 1356 800 1394; x_wconf 88' lang='lat' dir='ltr'>et</span> <span class='ocrx_word' id='word_1_121' title='bbox 809 1351 838 1374; x_wconf 78' lang='lat'>&#39;2</span> <span class='ocrx_word' id='word_1_122' title='bbox 851 1352 1186 1394; x_wconf 87' lang='lat' dir='ltr'>ecclesiasticus</span> <span class='ocrx_word' id='word_1_123' title='bbox 1204 1353 1330 1394; x_wconf 91' lang='lat' dir='ltr'>nulla</span> <span class='ocrx_word' id='word_1_124' title='bbox 1347 1366 1395 1394; x_wconf 91' lang='lat' dir='ltr'>se</span> <span class='ocrx_word' id='word_1_125' title='bbox 1410 1354 1587 1394; x_wconf 87' lang='lat' dir='ltr'>ratione</span> <span class='ocrx_word' id='word_1_126' title='bbox 1609 1353 1682 1394; x_wconf 92' lang='lat' dir='ltr'>vel</span> 
     </span>
     <span class='ocr_line' id='line_1_24' title="bbox 420 1419 1680 1471; baseline 0.001 -12"><span class='ocrx_word' id='word_1_127' title='bbox 420 1419 693 1460; x_wconf 88' lang='lat' dir='ltr'>auctoritate</span> <span class='ocrx_word' id='word_1_128' title='bbox 730 1422 891 1469; x_wconf 84' lang='lat' dir='ltr'>contra</span> <span class='ocrx_word' id='word_1_129' title='bbox 922 1422 1197 1471; x_wconf 89' lang='lat' dir='ltr'>potestatem</span> <span class='ocrx_word' id='word_1_130' title='bbox 1238 1419 1411 1470; x_wconf 85' lang='lat' dir='ltr'>regiam</span> <span class='ocrx_word' id='word_1_131' title='bbox 1451 1419 1569 1460; x_wconf 89' lang='lat' dir='ltr'>tueri</span> <span class='ocrx_word' id='word_1_132' title='bbox 1598 1432 1680 1460; x_wconf 84' lang='lat' dir='ltr'>va-</span> 
     </span>
     <span class='ocr_line' id='line_1_25' title="bbox 418 1483 1677 1537; baseline 0.002 -14"><span class='ocrx_word' id='word_1_133' title='bbox 418 1483 548 1525; x_wconf 89' lang='lat' dir='ltr'>leret.</span> <span class='ocrx_word' id='word_1_134' title='bbox 618 1484 830 1536; x_wconf 90' lang='lat' dir='ltr'>Denique</span> <span class='ocrx_word' id='word_1_135' title='bbox 858 1484 1008 1536; x_wconf 87' lang='lat' dir='ltr'>ipsum</span> <span class='ocrx_word' id='word_1_136' title='bbox 1031 1483 1111 1525; x_wconf 92' lang='lat' dir='ltr'>illo</span> <span class='ocrx_word' id='word_1_137' title='bbox 1134 1489 1338 1537; x_wconf 89' lang='lat' dir='ltr'>tempore</span> <span class='ocrx_word' id='word_1_138' title='bbox 1366 1485 1414 1525; x_wconf 90' lang='lat' dir='ltr'>in</span> <span class='ocrx_word' id='word_1_139' title='bbox 1437 1483 1610 1537; x_wconf 87' lang='lat' dir='ltr'>Anglia</span> <span class='ocrx_word' id='word_1_140' title='bbox 1631 1490 1677 1526; x_wconf 92' lang='lat' dir='ltr'>et</span> 
     </span>
     <span class='ocr_line' id='line_1_26' title="bbox 423 1549 1680 1604; baseline 0.001 -14"><span class='ocrx_word' id='word_1_141' title='bbox 423 1549 668 1602; x_wconf 91' lang='lat' dir='ltr'>plusquam</span> <span class='ocrx_word' id='word_1_142' title='bbox 688 1562 842 1601; x_wconf 83' lang='lat' dir='ltr'>regem</span> <span class='ocrx_word' id='word_1_143' title='bbox 867 1549 1046 1602; x_wconf 88' lang='lat' dir='ltr'>experti</span> <span class='ocrx_word' id='word_1_144' title='bbox 1073 1555 1182 1591; x_wconf 87' lang='lat' dir='ltr'>sunt</span> <span class='ocrx_word' id='word_1_145' title='bbox 1208 1550 1330 1599; x_wconf 90' lang='lat' dir='ltr'>laici,</span> <span class='ocrx_word' id='word_1_146' title='bbox 1361 1555 1406 1591; x_wconf 89' lang='lat' dir='ltr'>et</span> <span class='ocrx_word' id='word_1_147' title='bbox 1435 1550 1680 1604; x_wconf 89' lang='lat' dir='ltr'>plusquam</span> 
     </span>
     <span class='ocr_line' id='line_1_27' title="bbox 421 1614 1679 1670; baseline 0.001 -15"><span class='ocrx_word' id='word_1_148' title='bbox 421 1627 647 1655; x_wconf 91' lang='lat' dir='ltr'>summum</span> <span class='ocrx_word' id='word_1_149' title='bbox 677 1615 939 1668; x_wconf 84' lang='lat' dir='ltr'>pontificem</span> <span class='ocrx_word' id='word_1_150' title='bbox 969 1614 1137 1664; x_wconf 88' lang='lat' dir='ltr'>clerici,</span> <span class='ocrx_word' id='word_1_151' title='bbox 1170 1615 1353 1668; x_wconf 89' lang='lat' dir='ltr'>utrique</span> <span class='ocrx_word' id='word_1_152' title='bbox 1383 1628 1492 1657; x_wconf 85' lang='lat' dir='ltr'>vero</span> <span class='ocrx_word' id='word_1_153' title='bbox 1523 1620 1679 1670; x_wconf 88' lang='lat' dir='ltr'>tyran-</span> 
     </span>
     <span class='ocr_line' id='line_1_28' title="bbox 420 1680 1680 1735; baseline 0.002 -15"><span class='ocrx_word' id='word_1_154' title='bbox 420 1694 528 1721; x_wconf 93' lang='lat' dir='ltr'>num</span> <span class='ocrx_word' id='word_1_155' title='bbox 558 1680 921 1733; x_wconf 87' lang='lat' dir='ltr'>importabilem:</span> <span class='ocrx_word' id='word_1_156' title='bbox 954 1680 1103 1721; x_wconf 88' lang='lat' dir='ltr'>fastus</span> <span class='ocrx_word' id='word_1_157' title='bbox 1135 1680 1234 1735; x_wconf 89' lang='lat' dir='ltr'>ejus</span> <span class='ocrx_word' id='word_1_158' title='bbox 1266 1681 1358 1722; x_wconf 89' lang='lat' dir='ltr'>fere</span> <span class='ocrx_word' id='word_1_159' title='bbox 1392 1682 1439 1722; x_wconf 93' lang='lat' dir='ltr'>in</span> <span class='ocrx_word' id='word_1_160' title='bbox 1470 1682 1680 1723; x_wconf 91' lang='lat' dir='ltr'>omnibus</span> 
     </span>
     <span class='ocr_line' id='line_1_29' title="bbox 419 1746 1679 1800; baseline 0.001 -13"><span class='ocrx_word' id='word_1_161' title='bbox 419 1746 663 1800; x_wconf 87' lang='lat' dir='ltr'>plusquam</span> <span class='ocrx_word' id='word_1_162' title='bbox 685 1746 839 1798; x_wconf 82' lang='lat' dir='ltr'>regius</span> <span class='ocrx_word' id='word_1_163' title='bbox 863 1751 991 1794; x_wconf 89' lang='lat' dir='ltr'>erat;</span> <span class='ocrx_word' id='word_1_164' title='bbox 1025 1746 1072 1786; x_wconf 92' lang='lat' dir='ltr'>in</span> <span class='ocrx_word' id='word_1_165' title='bbox 1093 1747 1381 1799; x_wconf 87' lang='lat' dir='ltr'>expeditione</span> <span class='ocrx_word' id='word_1_166' title='bbox 1413 1747 1531 1788; x_wconf 88' lang='lat' dir='ltr'>enim</span> <span class='ocrx_word' id='word_1_167' title='bbox 1557 1747 1679 1800; x_wconf 90' lang='lat' dir='ltr'>posi-</span> 
     </span>
     <span class='ocr_line' id='line_1_30' title="bbox 419 1812 1680 1854; baseline 0.001 -2"><span class='ocrx_word' id='word_1_168' title='bbox 419 1816 494 1852; x_wconf 88' lang='lat' dir='ltr'>tus</span> <span class='ocrx_word' id='word_1_169' title='bbox 532 1816 812 1853; x_wconf 87' lang='lat' dir='ltr'>armatorum</span> <span class='ocrx_word' id='word_1_170' title='bbox 848 1812 1066 1852; x_wconf 85' lang='lat' dir='ltr'>excubias</span> <span class='ocrx_word' id='word_1_171' title='bbox 1100 1812 1222 1853; x_wconf 89' lang='lat' dir='ltr'>circa</span> <span class='ocrx_word' id='word_1_172' title='bbox 1256 1813 1514 1854; x_wconf 90' lang='lat' dir='ltr'>cubiculum</span> <span class='ocrx_word' id='word_1_173' title='bbox 1547 1825 1680 1854; x_wconf 90' lang='lat' dir='ltr'>suum</span> 
     </span>
     <span class='ocr_line' id='line_1_31' title="bbox 419 1877 1681 1931; baseline 0.001 -13"><span class='ocrx_word' id='word_1_174' title='bbox 419 1877 587 1918; x_wconf 86' lang='lat' dir='ltr'>habere</span> <span class='ocrx_word' id='word_1_175' title='bbox 616 1877 787 1928; x_wconf 84' lang='lat' dir='ltr'>voluit3</span> <span class='ocrx_word' id='word_1_176' title='bbox 836 1877 1113 1930; x_wconf 89' lang='lat' dir='ltr'>procedebat</span> <span class='ocrx_word' id='word_1_177' title='bbox 1147 1891 1249 1918; x_wconf 90' lang='lat' dir='ltr'>cum</span> <span class='ocrx_word' id='word_1_178' title='bbox 1287 1879 1411 1918; x_wconf 90' lang='lat' dir='ltr'>mille</span> <span class='ocrx_word' id='word_1_179' title='bbox 1449 1879 1594 1931; x_wconf 89' lang='lat' dir='ltr'>equis,</span> <span class='ocrx_word' id='word_1_180' title='bbox 1634 1883 1681 1919; x_wconf 87' lang='lat' dir='ltr'>et</span> 
     </span>
    </p>
   </div>
   <div class='ocr_carea' id='block_1_6' title="bbox 411 2008 1030 2780">
    <p class='ocr_par' dir='ltr' id='par_1_6' title="bbox 411 2008 1030 2780">
     <span class='ocr_line' id='line_1_32' title="bbox 468 2008 1029 2049; baseline 0.004 -12"><span class='ocrx_word' id='word_1_181' title='bbox 468 2008 476 2026; x_wconf 94' lang='lat'><strong>¹</strong></span> <span class='ocrx_word' id='word_1_182' title='bbox 501 2008 554 2047; x_wconf 89' lang='lat' dir='ltr'>By</span> <span class='ocrx_word' id='word_1_183' title='bbox 584 2008 651 2039; x_wconf 81' lang='lat' dir='ltr'>this</span> <span class='ocrx_word' id='word_1_184' title='bbox 689 2018 834 2048; x_wconf 88' lang='lat' dir='ltr'>passage</span> <span class='ocrx_word' id='word_1_185' title='bbox 865 2009 1029 2049; x_wconf 87' lang='lat' dir='ltr'>Heming-</span> 
     </span>
     <span class='ocr_line' id='line_1_33' title="bbox 418 2053 1029 2093; baseline 0.003 -10"><span class='ocrx_word' id='word_1_186' title='bbox 418 2053 526 2093; x_wconf 84' lang='lat' dir='ltr'>burgh</span> <span class='ocrx_word' id='word_1_187' title='bbox 563 2054 644 2085; x_wconf 91' lang='lat' dir='ltr'>does</span> <span class='ocrx_word' id='word_1_188' title='bbox 683 2057 741 2085; x_wconf 92' lang='lat' dir='ltr'>not</span> <span class='ocrx_word' id='word_1_189' title='bbox 784 2064 880 2086; x_wconf 91' lang='lat' dir='ltr'>mean</span> <span class='ocrx_word' id='word_1_190' title='bbox 918 2064 959 2085; x_wconf 90' lang='lat' dir='ltr'>us</span> <span class='ocrx_word' id='word_1_191' title='bbox 996 2058 1029 2085; x_wconf 92' lang='lat' dir='ltr'>to</span> 
     </span>
     <span class='ocr_line' id='line_1_34' title="bbox 418 2099 1029 2139; baseline 0.003 -10"><span class='ocrx_word' id='word_1_192' title='bbox 418 2099 503 2130; x_wconf 87' lang='lat' dir='ltr'>infer</span> <span class='ocrx_word' id='word_1_193' title='bbox 526 2099 599 2130; x_wconf 86' lang='lat' dir='ltr'>that</span> <span class='ocrx_word' id='word_1_194' title='bbox 622 2099 679 2131; x_wconf 86' lang='lat' dir='ltr'>the</span> <span class='ocrx_word' id='word_1_195' title='bbox 701 2101 933 2139; x_wconf 84' lang='lat' dir='ltr'>metropolitan</span> <span class='ocrx_word' id='word_1_196' title='bbox 956 2110 1029 2132; x_wconf 89' lang='lat' dir='ltr'>sees</span> 
     </span>
     <span class='ocr_line' id='line_1_35' title="bbox 418 2146 1029 2186; baseline 0.003 -11"><span class='ocrx_word' id='word_1_197' title='bbox 418 2154 506 2176; x_wconf 84' lang='lat' dir='ltr'>were</span> <span class='ocrx_word' id='word_1_198' title='bbox 521 2146 659 2186; x_wconf 79' lang='lat' dir='ltr'>actually</span> <span class='ocrx_word' id='word_1_199' title='bbox 673 2149 798 2186; x_wconf 80' lang='lat' dir='ltr'>vacant,</span> <span class='ocrx_word' id='word_1_200' title='bbox 811 2147 871 2177; x_wconf 91' lang='lat' dir='ltr'>but</span> <span class='ocrx_word' id='word_1_201' title='bbox 887 2146 959 2177; x_wconf 88' lang='lat' dir='ltr'>that</span> <span class='ocrx_word' id='word_1_202' title='bbox 973 2146 1029 2177; x_wconf 91' lang='lat' dir='ltr'>the</span> 
     </span>
     <span class='ocr_line' id='line_1_36' title="bbox 418 2191 1028 2231; baseline 0.003 -10"><span class='ocrx_word' id='word_1_203' title='bbox 418 2191 636 2230; x_wconf 85' lang='lat' dir='ltr'>archbishops</span> <span class='ocrx_word' id='word_1_204' title='bbox 666 2201 756 2223; x_wconf 89' lang='lat' dir='ltr'>were</span> <span class='ocrx_word' id='word_1_205' title='bbox 793 2193 826 2223; x_wconf 90' lang='lat' dir='ltr'>in</span> <span class='ocrx_word' id='word_1_206' title='bbox 867 2193 1028 2231; x_wconf 90' lang='lat' dir='ltr'>positions</span> 
     </span>
     <span class='ocr_line' id='line_1_37' title="bbox 417 2235 1030 2278; baseline 0.003 -11"><span class='ocrx_word' id='word_1_207' title='bbox 417 2237 529 2267; x_wconf 84' lang='lat' dir='ltr'>which</span> <span class='ocrx_word' id='word_1_208' title='bbox 554 2238 716 2269; x_wconf 88' lang='lat' dir='ltr'>rendered</span> <span class='ocrx_word' id='word_1_209' title='bbox 743 2235 830 2269; x_wconf 85' lang='lat' dir='ltr'>their</span> <span class='ocrx_word' id='word_1_210' title='bbox 860 2238 1030 2278; x_wconf 85' lang='lat' dir='ltr'>authority</span> 
     </span>
     <span class='ocr_line' id='line_1_38' title="bbox 417 2283 1030 2323; baseline 0.005 -11"><span class='ocrx_word' id='word_1_211' title='bbox 417 2283 641 2315; x_wconf 87' lang='lat' dir='ltr'>unavailable.</span> <span class='ocrx_word' id='word_1_212' title='bbox 688 2283 759 2314; x_wconf 89' lang='lat' dir='ltr'>The</span> <span class='ocrx_word' id='word_1_213' title='bbox 784 2284 956 2323; x_wconf 84' lang='lat' dir='ltr'>following</span> <span class='ocrx_word' id='word_1_214' title='bbox 971 2294 1030 2323; x_wconf 88' lang='lat' dir='ltr'>pa-</span> 
     </span>
     <span class='ocr_line' id='line_1_39' title="bbox 417 2329 1030 2369; baseline 0.003 -10"><span class='ocrx_word' id='word_1_215' title='bbox 417 2329 563 2368; x_wconf 85' lang='lat' dir='ltr'>ragraph</span> <span class='ocrx_word' id='word_1_216' title='bbox 584 2329 667 2360; x_wconf 79' lang='lat' dir='ltr'>from</span> <span class='ocrx_word' id='word_1_217' title='bbox 689 2330 863 2369; x_wconf 86' lang='lat' dir='ltr'>Nevvbury</span> <span class='ocrx_word' id='word_1_218' title='bbox 885 2339 1030 2369; x_wconf 80' lang='lat' dir='ltr'>conveys</span> 
     </span>
     <span class='ocr_line' id='line_1_40' title="bbox 418 2374 1028 2408; baseline 0.003 -3"><span class='ocrx_word' id='word_1_219' title='bbox 418 2374 474 2406; x_wconf 90' lang='lat' dir='ltr'>the</span> <span class='ocrx_word' id='word_1_220' title='bbox 513 2384 609 2406; x_wconf 86' lang='lat' dir='ltr'>sense</span> <span class='ocrx_word' id='word_1_221' title='bbox 652 2375 915 2406; x_wconf 74' lang='lat' dir='ltr'>intendedz—-“</span> <span class='ocrx_word' id='word_1_222' title='bbox 928 2376 1028 2408; x_wconf 81' lang='lat' dir='ltr'>Quod</span> 
     </span>
     <span class='ocr_line' id='line_1_41' title="bbox 418 2421 1027 2461; baseline 0.003 -11"><span class='ocrx_word' id='word_1_223' title='bbox 418 2421 536 2459; x_wconf 88' lang='lat' dir='ltr'>utique</span> <span class='ocrx_word' id='word_1_224' title='bbox 566 2423 657 2451; x_wconf 82' lang='lat' dir='ltr'>tanto</span> <span class='ocrx_word' id='word_1_225' title='bbox 694 2421 813 2452; x_wconf 84' lang='lat' dir='ltr'>fortius</span> <span class='ocrx_word' id='word_1_226' title='bbox 853 2421 1027 2461; x_wconf 88' lang='lat' dir='ltr'>tutiusque</span> 
     </span>
     <span class='ocr_line' id='line_1_42' title="bbox 418 2467 1025 2508; baseline 0.003 -12"><span class='ocrx_word' id='word_1_227' title='bbox 418 2467 551 2506; x_wconf 86' lang='lat' dir='ltr'>agebat,</span> <span class='ocrx_word' id='word_1_228' title='bbox 594 2470 719 2508; x_wconf 88' lang='lat' dir='ltr'>quanto</span> <span class='ocrx_word' id='word_1_229' title='bbox 761 2468 1025 2506; x_wconf 83' lang='lat' dir='ltr'>metropolitanis</span> 
     </span>
     <span class='ocr_line' id='line_1_43' title="bbox 418 2513 1028 2544; baseline 0.003 -2"><span class='ocrx_word' id='word_1_230' title='bbox 418 2521 482 2542; x_wconf 92' lang='lat' dir='ltr'>non</span> <span class='ocrx_word' id='word_1_231' title='bbox 498 2513 691 2543; x_wconf 81' lang='lat' dir='ltr'>extantibus</span> <span class='ocrx_word' id='word_1_232' title='bbox 714 2513 923 2544; x_wconf 88' lang='lat' dir='ltr'>infirmiorem</span> <span class='ocrx_word' id='word_1_233' title='bbox 951 2523 1028 2544; x_wconf 90' lang='lat' dir='ltr'>con-</span> 
     </span>
     <span class='ocr_line' id='line_1_44' title="bbox 417 2559 1025 2597; baseline 0.003 -10"><span class='ocrx_word' id='word_1_234' title='bbox 417 2561 469 2588; x_wconf 89' lang='lat' dir='ltr'>tra</span> <span class='ocrx_word' id='word_1_235' title='bbox 484 2567 520 2588; x_wconf 83' lang='lat' dir='ltr'>se</span> <span class='ocrx_word' id='word_1_236' title='bbox 535 2559 767 2597; x_wconf 84' lang='lat' dir='ltr'>episcoporum</span> <span class='ocrx_word' id='word_1_237' title='bbox 783 2559 1025 2589; x_wconf 86' lang='lat' dir='ltr'>aemulationem</span> 
     </span>
     <span class='ocr_line' id='line_1_45' title="bbox 417 2603 1025 2643; baseline 0.005 -10"><span class='ocrx_word' id='word_1_238' title='bbox 417 2603 470 2633; x_wconf 90' lang='lat' dir='ltr'>vel</span> <span class='ocrx_word' id='word_1_239' title='bbox 546 2604 808 2643; x_wconf 88' lang='lat' dir='ltr'>indignationem</span> <span class='ocrx_word' id='word_1_240' title='bbox 879 2605 1025 2636; x_wconf 85' lang='lat' dir='ltr'>videbat.</span> 
     </span>
     <span class='ocr_line' id='line_1_46' title="bbox 417 2648 1026 2688; baseline 0.003 -9"><span class='ocrx_word' id='word_1_241' title='bbox 417 2648 554 2688; x_wconf 79' lang='lat' dir='ltr'>Quippe</span> <span class='ocrx_word' id='word_1_242' title='bbox 578 2650 675 2680; x_wconf 85' lang='lat' dir='ltr'>sedes</span> <span class='ocrx_word' id='word_1_243' title='bbox 706 2650 927 2681; x_wconf 82' lang='lat' dir='ltr'>Eboracensis</span> <span class='ocrx_word' id='word_1_244' title='bbox 957 2650 1026 2682; x_wconf 86' lang='lat' dir='ltr'>fere</span> 
     </span>
     <span class='ocr_line' id='line_1_47' title="bbox 411 2695 1026 2733; baseline 0.005 -9"><span class='ocrx_word' id='word_1_245' title='bbox 411 2695 481 2733; x_wconf 84' lang='lat' dir='ltr'>jam</span> <span class='ocrx_word' id='word_1_246' title='bbox 507 2704 567 2733; x_wconf 90' lang='lat' dir='ltr'>per</span> <span class='ocrx_word' id='word_1_247' title='bbox 588 2695 784 2726; x_wconf 87' lang='lat' dir='ltr'>decennium</span> <span class='ocrx_word' id='word_1_248' title='bbox 804 2699 978 2726; x_wconf 70' lang='lat' dir='ltr'>vacaverat</span> <span class='ocrx_word' id='word_1_249' title='bbox 993 2700 1026 2727; x_wconf 90' lang='lat' dir='ltr'>et</span> 
     </span>
     <span class='ocr_line' id='line_1_48' title="bbox 416 2741 1024 2780; baseline 0.007 -12"><span class='ocrx_word' id='word_1_250' title='bbox 416 2749 521 2771; x_wconf 83' lang='lat' dir='ltr'>novus</span> <span class='ocrx_word' id='word_1_251' title='bbox 548 2741 699 2780; x_wconf 87' lang='lat' dir='ltr'>ejusdem</span> <span class='ocrx_word' id='word_1_252' title='bbox 724 2742 815 2772; x_wconf 84' lang='lat' dir='ltr'>sedis</span> <span class='ocrx_word' id='word_1_253' title='bbox 840 2742 967 2772; x_wconf 87' lang='lat' dir='ltr'>electus</span> <span class='ocrx_word' id='word_1_254' title='bbox 991 2742 1024 2772; x_wconf 89' lang='lat' dir='ltr'>in</span> 
     </span>
    </p>
   </div>
   <div class='ocr_carea' id='block_1_7' title="bbox 1055 2010 1680 2691">
    <p class='ocr_par' dir='ltr' id='par_1_7' title="bbox 1055 2010 1680 2691">
     <span class='ocr_line' id='line_1_49' title="bbox 1064 2010 1680 2051; baseline 0.003 -11"><span class='ocrx_word' id='word_1_255' title='bbox 1064 2010 1293 2041; x_wconf 84' lang='lat' dir='ltr'>transmarinis</span> <span class='ocrx_word' id='word_1_256' title='bbox 1303 2010 1456 2049; x_wconf 85' lang='lat' dir='ltr'>partibus</span> <span class='ocrx_word' id='word_1_257' title='bbox 1466 2011 1680 2051; x_wconf 82' lang='lat' dir='ltr'>constitutus,</span> 
     </span>
     <span class='ocr_line' id='line_1_50' title="bbox 1064 2055 1679 2094; baseline 0.003 -8"><span class='ocrx_word' id='word_1_258' title='bbox 1064 2055 1138 2094; x_wconf 86' lang='lat' dir='ltr'>ipso</span> <span class='ocrx_word' id='word_1_259' title='bbox 1168 2056 1371 2094; x_wconf 84' lang='lat' dir='ltr'>impediente</span> <span class='ocrx_word' id='word_1_260' title='bbox 1399 2056 1545 2087; x_wconf 88' lang='lat' dir='ltr'>nondum</span> <span class='ocrx_word' id='word_1_261' title='bbox 1580 2066 1679 2088; x_wconf 82' lang='lat' dir='ltr'>cano-</span> 
     </span>
     <span class='ocr_line' id='line_1_51' title="bbox 1064 2102 1680 2141; baseline 0.005 -10"><span class='ocrx_word' id='word_1_262' title='bbox 1064 2102 1149 2132; x_wconf 86' lang='lat' dir='ltr'>nicae</span> <span class='ocrx_word' id='word_1_263' title='bbox 1174 2104 1305 2141; x_wconf 85' lang='lat' dir='ltr'>poterat</span> <span class='ocrx_word' id='word_1_264' title='bbox 1324 2102 1584 2133; x_wconf 85' lang='lat' dir='ltr'>consecrationis</span> <span class='ocrx_word' id='word_1_265' title='bbox 1606 2112 1680 2134; x_wconf 88' lang='lat' dir='ltr'>mu-</span> 
     </span>
     <span class='ocr_line' id='line_1_52' title="bbox 1063 2147 1678 2187; baseline 0.005 -10"><span class='ocrx_word' id='word_1_266' title='bbox 1063 2156 1127 2178; x_wconf 87' lang='lat' dir='ltr'>nus</span> <span class='ocrx_word' id='word_1_267' title='bbox 1151 2147 1343 2187; x_wconf 86' lang='lat' dir='ltr'>promereri.</span> <span class='ocrx_word' id='word_1_268' title='bbox 1397 2148 1503 2179; x_wconf 89' lang='lat' dir='ltr'>Porro</span> <span class='ocrx_word' id='word_1_269' title='bbox 1530 2147 1678 2180; x_wconf 83' lang='lat' dir='ltr'>Cantua-</span> 
     </span>
     <span class='ocr_line' id='line_1_53' title="bbox 1064 2193 1678 2234; baseline 0.007 -12"><span class='ocrx_word' id='word_1_270' title='bbox 1064 2194 1184 2224; x_wconf 84' lang='lat' dir='ltr'>riensis</span> <span class='ocrx_word' id='word_1_271' title='bbox 1206 2193 1493 2233; x_wconf 83' lang='lat' dir='ltr'>archiepiscopus,</span> <span class='ocrx_word' id='word_1_272' title='bbox 1509 2195 1567 2233; x_wconf 88' lang='lat' dir='ltr'>qui</span> <span class='ocrx_word' id='word_1_273' title='bbox 1577 2195 1678 2234; x_wconf 79' lang='lat' dir='ltr'>juxta</span> 
     </span>
     <span class='ocr_line' id='line_1_54' title="bbox 1064 2239 1677 2280; baseline 0.003 -11"><span class='ocrx_word' id='word_1_274' title='bbox 1064 2239 1154 2270; x_wconf 85' lang='lat' dir='ltr'>sedis</span> <span class='ocrx_word' id='word_1_275' title='bbox 1214 2240 1359 2279; x_wconf 88' lang='lat' dir='ltr'>propriae</span> <span class='ocrx_word' id='word_1_276' title='bbox 1421 2241 1677 2280; x_wconf 66' lang='lat' dir='ltr'>praerogativam</span> 
     </span>
     <span class='ocr_line' id='line_1_55' title="bbox 1063 2284 1676 2325; baseline 0.002 -10"><span class='ocrx_word' id='word_1_277' title='bbox 1063 2284 1270 2323; x_wconf 85' lang='lat' dir='ltr'>Apostolicis</span> <span class='ocrx_word' id='word_1_278' title='bbox 1315 2286 1350 2315; x_wconf 92' lang='lat' dir='ltr'>in</span> <span class='ocrx_word' id='word_1_279' title='bbox 1386 2285 1512 2325; x_wconf 84' lang='lat' dir='ltr'>Anglia</span> <span class='ocrx_word' id='word_1_280' title='bbox 1548 2286 1676 2317; x_wconf 74' lang='lat' dir='ltr'>viribus</span> 
     </span>
     <span class='ocr_line' id='line_1_56' title="bbox 1063 2331 1676 2370; baseline 0.005 -10"><span class='ocrx_word' id='word_1_281' title='bbox 1063 2331 1240 2370; x_wconf 87' lang='lat' dir='ltr'>praeditus,</span> <span class='ocrx_word' id='word_1_282' title='bbox 1269 2331 1401 2370; x_wconf 87' lang='lat' dir='ltr'>signum</span> <span class='ocrx_word' id='word_1_283' title='bbox 1439 2331 1575 2362; x_wconf 90' lang='lat' dir='ltr'>Domini</span> <span class='ocrx_word' id='word_1_284' title='bbox 1613 2332 1676 2363; x_wconf 82' lang='lat' dir='ltr'>sub</span> 
     </span>
     <span class='ocr_line' id='line_1_57' title="bbox 1063 2376 1675 2417; baseline 0.003 -11"><span class='ocrx_word' id='word_1_285' title='bbox 1063 2385 1140 2415; x_wconf 88' lang='lat' dir='ltr'>rege</span> <span class='ocrx_word' id='word_1_286' title='bbox 1157 2376 1307 2407; x_wconf 87' lang='lat' dir='ltr'>Henrico</span> <span class='ocrx_word' id='word_1_287' title='bbox 1329 2381 1535 2417; x_wconf 87' lang='lat' dir='ltr'>susceperat,</span> <span class='ocrx_word' id='word_1_288' title='bbox 1551 2380 1585 2407; x_wconf 89' lang='lat' dir='ltr'>et</span> <span class='ocrx_word' id='word_1_289' title='bbox 1599 2381 1675 2416; x_wconf 87' lang='lat' dir='ltr'>post</span> 
     </span>
     <span class='ocr_line' id='line_1_58' title="bbox 1061 2422 1676 2462; baseline 0.003 -10"><span class='ocrx_word' id='word_1_290' title='bbox 1061 2422 1304 2453; x_wconf 83' lang='lat' dir='ltr'>coronationem</span> <span class='ocrx_word' id='word_1_291' title='bbox 1365 2423 1453 2462; x_wconf 88' lang='lat' dir='ltr'>regis</span> <span class='ocrx_word' id='word_1_292' title='bbox 1516 2423 1676 2454; x_wconf 86' lang='lat' dir='ltr'>Richardi</span> 
     </span>
     <span class='ocr_line' id='line_1_59' title="bbox 1055 2468 1675 2507; baseline 0.002 -9"><span class='ocrx_word' id='word_1_293' title='bbox 1055 2468 1156 2507; x_wconf 85' lang='lat' dir='ltr'>juxta</span> <span class='ocrx_word' id='word_1_294' title='bbox 1178 2468 1363 2498; x_wconf 83' lang='lat' dir='ltr'>devotionis</span> <span class='ocrx_word' id='word_1_295' title='bbox 1387 2478 1458 2499; x_wconf 89' lang='lat' dir='ltr'>suae</span> <span class='ocrx_word' id='word_1_296' title='bbox 1475 2469 1624 2499; x_wconf 90' lang='lat' dir='ltr'>debitum</span> <span class='ocrx_word' id='word_1_297' title='bbox 1641 2470 1675 2499; x_wconf 91' lang='lat' dir='ltr'>in</span> 
     </span>
     <span class='ocr_line' id='line_1_60' title="bbox 1062 2513 1673 2554; baseline 0.002 -10"><span class='ocrx_word' id='word_1_298' title='bbox 1062 2517 1173 2552; x_wconf 85' lang='lat' dir='ltr'>partes</span> <span class='ocrx_word' id='word_1_299' title='bbox 1210 2514 1340 2544; x_wconf 85' lang='lat' dir='ltr'>abierat</span> <span class='ocrx_word' id='word_1_300' title='bbox 1370 2513 1519 2545; x_wconf 85' lang='lat' dir='ltr'>Orientis</span> <span class='ocrx_word' id='word_1_301' title='bbox 1549 2515 1673 2554; x_wconf 86' lang='lat' dir='ltr'>Tyrum</span> 
     </span>
     <span class='ocr_line' id='line_1_61' title="bbox 1061 2559 1673 2599; baseline 0.002 -10"><span class='ocrx_word' id='word_1_302' title='bbox 1061 2559 1240 2590; x_wconf 88' lang='lat' dir='ltr'>deveniens</span> <span class='ocrx_word' id='word_1_303' title='bbox 1255 2562 1331 2590; x_wconf 86' lang='lat' dir='ltr'>ante</span> <span class='ocrx_word' id='word_1_304' title='bbox 1354 2569 1470 2599; x_wconf 88' lang='lat' dir='ltr'>regum</span> <span class='ocrx_word' id='word_1_305' title='bbox 1494 2560 1673 2591; x_wconf 85' lang='lat' dir='ltr'>adventum</span> 
     </span>
     <span class='ocr_line' id='line_1_62' title="bbox 1060 2605 1674 2637; baseline 0.002 -2"><span class='ocrx_word' id='word_1_306' title='bbox 1060 2605 1185 2636; x_wconf 88' lang='lat' dir='ltr'>ibidem</span> <span class='ocrx_word' id='word_1_307' title='bbox 1210 2605 1375 2635; x_wconf 88' lang='lat' dir='ltr'>hominem</span> <span class='ocrx_word' id='word_1_308' title='bbox 1399 2605 1530 2637; x_wconf 85' lang='lat' dir='ltr'>exuit.&#39;&#39;</span> <span class='ocrx_word' id='word_1_309' title='bbox 1578 2605 1674 2637; x_wconf 86' lang='lat' dir='ltr'>Guil.</span> 
     </span>
     <span class='ocr_line' id='line_1_63' title="bbox 1062 2651 1634 2691; baseline 0 -10"><span class='ocrx_word' id='word_1_310' title='bbox 1062 2651 1226 2691; x_wconf 74' lang='lat' dir='ltr'>NeubrIg.</span> <span class='ocrx_word' id='word_1_311' title='bbox 1243 2651 1285 2682; x_wconf 86' lang='lat' dir='ltr'>de</span> <span class='ocrx_word' id='word_1_312' title='bbox 1302 2651 1385 2683; x_wconf 81' lang='lat' dir='ltr'>Reb.</span> <span class='ocrx_word' id='word_1_313' title='bbox 1401 2651 1488 2690; x_wconf 88' lang='lat' dir='ltr'>Ang.</span> <span class='ocrx_word' id='word_1_314' title='bbox 1507 2652 1543 2682; x_wconf 87' lang='lat' dir='ltr'>ii.</span> <span class='ocrx_word' id='word_1_315' title='bbox 1562 2653 1634 2682; x_wconf 83' lang='lat'><strong>395.</strong></span> 
     </span>
    </p>
   </div>
   <div class='ocr_carea' id='block_1_8' title="bbox 1106 2739 1649 2774">
    <p class='ocr_par' dir='ltr' id='par_1_8' title="bbox 1106 2739 1649 2774">
     <span class='ocr_line' id='line_1_64' title="bbox 1106 2739 1649 2774; baseline 0 -1"><span class='ocrx_word' id='word_1_316' title='bbox 1106 2739 1120 2760; x_wconf 71' lang='lat'>²</span> <span class='ocrx_word' id='word_1_317' title='bbox 1143 2741 1293 2773; x_wconf 83' lang='lat' dir='ltr'>Omitted</span> <span class='ocrx_word' id='word_1_318' title='bbox 1311 2742 1344 2772; x_wconf 87' lang='lat' dir='ltr'>in</span> <span class='ocrx_word' id='word_1_319' title='bbox 1362 2741 1435 2773; x_wconf 87' lang='lat' dir='ltr'>MS.</span> <span class='ocrx_word' id='word_1_320' title='bbox 1453 2741 1540 2773; x_wconf 84' lang='lat' dir='ltr'>Con.</span> <span class='ocrx_word' id='word_1_321' title='bbox 1557 2741 1649 2774; x_wconf 89' lang='lat' dir='ltr'>Arm.</span> 
     </span>
    </p>
   </div>
  </div>
 </body>
</html>
